3414 4866
670 213 1392 302 ANT1QJAR11·
1470 210 2338 284 co-LLECTANEA.
2689 225 2868 316 289·

435 346 643 418 nitus
662 347 820 412 filius
844 348 973 428 ejus
994 346 1350 421 Edwardus,
1396 365 1534 408 cum
1563 345 1772 410 multis
1800 348 1946 424 aliia
1977 347 2040 412 in
2069 323 2522 427 Nerthumbria,

441 435 571 500 die
598 433 927 501 festivitatis
946 439 1031 502 .S.
1056 431 1251 510 Bri'tii‚
1296 435 1333 500 a
1360 434 1651 498 militibus
1682 437 1954 512 Roberti,
1983 439 2388 504 Nerthumbr:
2418 460 2530 504 co*
2625 457 2630 466 ·

442 523 661 603 mitis,
706 523 881 589 occifi
906 520 1065 589 sunt.
2251 517 2262 530 ’

1727 636 1850 704 regis
1871 640 2163 688 Scottorum.

670 717 776 784 supt
800 715 1091 779 Alexander,
1122 717 1271 766 frater
1286 715 1479 783 Edgari.
1511 716 1544 766 i.
1566 731 1609 765 e.
1632 713 1910 766 revelationi
1929 717 2142 779 corporis
2161 718 2207 765 S.
2227 716 2520 770 Cutheberti.

552 788 635 848 111
676 806 836 850 anno
871 788 1061 861 1126.
1104 787 1237 860 Hic,
1286 785 1431 868 quia
1472 799 1597 846 tam
1623 781 1836 852 saustae
1871 784 1956 844 rei
1983 781 2095 846 fibi
2124 785 2292 846 licuit
2335 787 2516 847 inter·
2547 797 2640 862 Q

448 871 607 948 esse,
656 874 813 938 datis
842 892 1031 956 quam
1060 873 1333 956 plurimis
1362 873 1575 935 marcis
1614 872 1740 932 auri
1779 869 1836 932 &
1864 869 2114 953 argenti,
2158 875 2348 954 parari
2377 871 2522 937 fecit

450 956 769 1035 scrinium,
810 962 871 1024 in
901 980 1029 1044 quo
1050 958 1315 1032 sanctum
1344 979 1578 1044 corpus,
1626 958 1802 1020 novis
1823 956 2106 1021 indutum
2136 958 2518 1036 vestimentis,

453 1046 805 1112 honorifice
832 1047 915 1110 est
945 1047 1341 1121 reconditum.

554 1137 745 1200 Anno
773 1137 856 1198 D.
899 1155 923 1198 1
942 1155 964 1200 1
982 1155 1086 1219 33.
1130 1140 1267 1198 Rex
1294 1135 1637 1220 Anglorum
1670 1133 1956 1196 Hem-icus
1981 1131 2377 1210 FlandrenseS,
2408 1135 2520 1218 qui

452 1223 971 1288 Northumbriam
998 1223 1356 1296 incolebant,
1404 1244 1549 1288 curn
1579 1237 1703 1288 tota
1733 1218 2090 1303 supellectile
2117 1219 2218 1283 sua
2247 1224 2308 1284 in
2349 1222 2517 1284 Wal-

454 1311 703 1374 loniam
753 1310 1067 1388 transtulit,
1114 1310 1173 1372 ὅτ
1213 1327 1449 1386 terram,
1495 1329 1631 1392 quae
1675 1311 1798 1370 Ros
1827 1310 2216 1386 nominatur,
2261 1309 2519 1373 incolere

453 1399 799 1486 praecepit..
880 1431 885 1439 ·
1350 1405 1361 1418 ‘

554 1489 746 1551 Anno
777 1489 857 1549 D.
907 1505 931 1548 1
954 1505 1023 1568 13
1036 1505 1094 1575 ς.
1143 1487 1439 1571 Comitem
1470 1485 1804 1547 Robertum
1829 1483 1904 1545 de
1927 1481 2210 1559 Belesnm,
2258 1484 2334 1546 de
2361 1488 2519 1548 Nor·

455 1571 718 1642 mannia
740 1572 1013 1651 dacium,
1046 1575 1207 1658 apud
1233 1578 1476 1636 Waram
1498 1571 1561 1634 in
1583 1569 1797 1633 arffiff:
1827 1567 2022 1654 posuit
2043 1571 2331 1636 custodia.
2383 1575 2514 1635 Wi-

456 1663 685 1748 gornia
712 1660 918 1724 eodem
948 1683 1108 1724 anno
1134 1661 1539 1746 conflagravit.-

442 1755 449 1766 “
557 1753 739 1812 Anno
760 1749 842 1814 D.
883 1771 906 1812 1
929 1751 1071 1833 136.
1117 1751 1343 1813 Civitas
1374 1745 1625 1812 cicestra
1654 1766 1794 1808 cum
1835 1745 2141 1830 principali
2171 1744 2520 1810 monasterio

416 1847 423 1856 ’
464 1856 581 1924 per
609 1835 842 1919 culpam
872 1837 1117 1901 incuriae
1153 1857 1268 1900 111.
1299 1839 1419 1898 No:
1452 1837 1596 1898 Maii
1628 1835 1877 1896 flammis
1906 1831 2252 1917 consumpta
2281 1833 2408 1910 est.

556 1931 740 1988 Anno
768 1927 852 1990 D.
900 1945 927 1986 -ι
948 1943 1091 2006 139.
1140 1924 1485 1988 Secundum
1535 1925 1688 2006 regis
1727 1923 1968 1984 Henrici
2014 1925 2520 2005 praeceptum-Ci-

466 2009 773 2090 rencestrae
807 2032 1031 2075 novum
1054 2033 1207 2096 opus
1238 2010 1319 2073 est
1349 2013 1671 2092 inceptum.

556 2101 746 2164 Anno
770 2100 852 2164 D.
907 2117 1098 2178 1140.
1141 2100 1333 2162 Nonis
1369 2099 1491 2176 Jul:
1540 2098 1693 2158 obiit
1723 2095 1996 2158 domInus
2024 2095 2356 2159 Florentius
2385 2098 2520 2159 Wi-

466 2185 798 2271 gornienfis
838 2189 1188 2251 monachus,
1279 2189 1471 2267 Cujus
1514 2181 1715 2247 subtili
1756 2181 2012 2255 scientia,
2059 2184 2118 2245 &
2155 2183 2393 2247 studiosi
2434 2185 2518 2245 la-

466 2277 635 2341 boris
658 2270 964 2352 industria,
984 2275 1327 2367 praeeminet
1348 2272 1581 2337 cunffls
1600 2272 1732 2334 haec
1743 2271 2159 2334 chronicarum
2174 2272 2474 2336 chronica.

1318 2384 1649 2449 Lelandus.

559 2496 695 2561 Hoc
722 2491 1082 2573 Chronicon,
1115 2492 1285 2579 quod
1314 2494 1379 2556 in
1410 2489 1739 2556 Corinienfi
1768 2489 2128 2556 bibliotheca
2157 2492 2367 2576 reperi,
2415 2491 2514 2555 de-

471 2578 733 2657 dufiium,
757 2581 875 2645 fuit
903 2583 979 2645 ad
1006 2602 1232 2647 annum
1268 2596 1295 2627 α
1327 2584 1411 2645 D.
1452 2600 1523 2650 ιι
1540 2598 1641 2664 53.

616 2723 719 2782 Ex
736 2712 925 2800 primo
952 2718 1093 2782 libro
1123 2718 1369 2783 Henrici
1392 2712 1930 2803 ‘Huntingdunenfis
1958 2714 2387 2787 archidiaconi„
2414 2685 2418 2693 .
2555 2698 2595 2757 Β
2615 2719 2676 2769 ³3·
2699 2719 2818 2762 ²5⁸·

524 2806 526 2808 .
562 2834 725 2895 Cum
742 2847 940 2895 autem
964 2831 1243 2915 plurimas
1273 2820 1485 2895 insulas
1517 2833 1732 2894 habeat
1765 2831 2084 2905 Britannia,
2132 2845 2244 2893 tres
2270 2832 2516 2913 majores

476 2916 693 2981 habet:
739 2921 1020 2997 Orcadas,
1053 2922 1129 2984 de
1157 2920 1378 3004 quibus
1403 2920 1633 2983 dictum
1663 2918 1786 2991 est;
1835 2919 2004 2981 aliam
2036 2923 2201 3002 Man,
2232 2922 2320 2980 vel
2354 2919 2517 2985 Ebo-

372 3082 379 3089 ἱ
480 3005 656 3083 niam,
680 3027 844 3091 quae
874 3006 938 3071 in
967 3008 1253 3072 umbilico
1293 3011 1467 3069 maris
1496 3010 1647 3069 inter
1676 3008 2028 3069 Hiberniam
2058 3007 2116 3067 &
2148 3005 2518 3068 Britanniam

478 3092 580 3156 fita
597 3120 614 3171 3
648 3098 902 3177 ,tertiam
933 3098 1166 3179 Wight,
1212 3114 1350 3179 quae
1373 3094 1653 3170 australis,
1687 3098 1746 3157 δε
1773 3096 1966 3178 vergit
1995 3109 2198 3155 contra
2223 3096 2517 3157 Norman-

480 3202 584 3249 nos
623 3184 680 3245 8c
709 3184 1074 3259 ArmoricOS‚
1120 3186 1225 3267 qui
1258 3204 1415 3247 nunc
1448 3184 1718 3244 Britanni
1752 3182 2060 3254 dicuntur,
2110 3180 2259 3241 ficut
2289 3184 2349 3242 in
2381 3204 2516 3261 pro·

482 3260 679 3339 verbio
728 3270 1039 3339 dicebatur
1090 3271 1363 3353 antiqu0,
1417 3271 1662 3350 quando
1714 3270 1788 3330 de
1823 3268 2126 3349 judicibus
2173 3270 2232 3329 δε
2276 3270 2518 3351 regibus

484 3353 666 3421 fermo
694 3356 875 3421 fiebat
904 3382 919 3419 ε
957 3364 1000 3393 “
1030 3360 1329 3438 judicabit
1354 3358 1652 3419 Britannia
1681 3378 1817 3417 cum
1844 3356 2030 3417 tribus
2055 3352 2320 3416 insul-is.”
2375 3360 2520 3420 Erat

484 3459 669 3507 autem
706 3446 766 3507 &
804 3444 1142 3513 civitatibus
1168 3444 1477 3528 quondam
1516 3446 1728 3529 viginti
1776 3446 1834 3504 ἃ
1871 3444 2012 3505 ocio
2039 3442 2399 3505 nobilissimis
2429 3446 2518 3505 in·

486 3530 701 3615 fignita.
776 3532 1100 3595 Civitatum
1132 3548 1327 3595 autem
1359 3534 1599 3595 nomina
1628 3532 1753 3593 haec
1782 3548 1948 3593 erant
1975 3552 1990 3593 ε
2420 3574 2425 3579 -

565 3624 713 3683 Caer
756 3620 1010 3708 Ebranc‚
1056 3622 1098 3685 i.
1130 3644 1182 3684 e.
1231 3621 1591 3697 Eboracum,
1654 3624 1807 3681 Caer
2197 3618 2520 3686 Lelanclus.

488 3700 652 3783 Kem,
700 3710 741 3775 i.
775 3731 825 3773 e.
883 3709 1222 3781 Cantuaria,
1274 3712 1423 3775 Caer
1456 3710 1806 3790 Gorangon,
1981 3704 2305 3767 Civitatum
2332 3710 2564 3769 nomina
2589 3701 2850 3773 sun'thic

488 3793 597 3859 i.e.
628 3796 975 3879 wigornia„
1014 3800 1165 3860 Caer
1195 3796 1361 3869 Lud‚
1393 3796 1433 3857 l.
1464 3818 1515 3859 e.
1559 3794 1805 3857 Lundo-
1894 3790 2136 3857 confuse
2193 3794 2250 3855 &
2323 3794 2568 3859 obscure
2621 3796 2847 3877 posita,

490 3883 595 3958 nia,
638 3886 785 3947 Caer
817 3884 1050 3961 Lirim,
1098 3884 1140 3947 i.
1174 3904 1227 3945 e.
1270 3882 1606 3969 Leicestria,
1658 3886 1809 3944 Caer
1896 3880 2083 3941 multa‘
2107 3897 2301 3941 vetera
2328 3884 2717 3961 praetermiffa,
2761 3906 2850 3947 re·-

494 3970 712 4046 Collon,
760 3974 800 4033 i.
832 3994 883 4035 e.
920 3971 1255 4047 Colcestria,
1289 3975 1437 4034 Caer
1466 3972 1652 4046 Glou,
1685 3974 1735 4047 i„
1753 3991 1805 4031 e.
1897 3968 2159 4031 centiora
2190 3970 2418 4052 ali-quot
2448 3968 2763 4053 adscripta.

494 4056 865 4135 Gloucestria,
934 4064 1085 4123 Caer
1136 4062 1260 4136 Cei,
1320 4063 1363 4121 i.
1397 4080 1451 4124 e.
1506 4056 1808 4135 Cicestria,
2405 4060 2412 4067 '

546 4246 571 4279 a
601 4230 677 4279 Ad
694 4246 820 4297 quem
842 4249 1007 4282 annum
1039 4233 1257 4299 pertingit
1280 4232 1411 4282 etiam
1439 4233 1579 4281 Codex
1620 4230 1903 4293 Bodlejcmus.
1976 4229 2118 4295 ,Quod
2151 4244 2264 4277 vem
2286 4228 2338 4277 de
2361 4229 2584 4279 Florentio
2623 4240 2774 4294 notat,
2804 4230 2857 4287 be.

496 4296 803 4351 Continuaetione
828 4288 1041 4349 Matiani
1058 4300 1245 4369 intelligi
1266 4299 1409 4361 debet,
1434 4299 1507 4365 qui
1524 4306 1629 4351 ante
1650 4312 1788 4346 annos
1811 4295 2166 4360 aliquammultos
2189 4293 2391 4349 ultimum
2409 4288 2522 4349 'diem
2541 4296 2721 4351 obierat,-

544 4367 761 4465 1Τωιι.
794 4394 874 4475 ῌ.
1751 4392 1806 4459 0
1841 4410 1892 4452 α»
2449 4465 2463 4481 ,
2507 4398 2512 4402 ’
2562 4469 2571 4476 .
2673 4391 2828 4465 Cast
