3414 4866
536 207 669 290 382
1178 207 1790 290 JOANNIS
1893 209 2540 278 LELANDI

917 339 1246 422 JohanneS,
1258 341 1390 404 dux
1406 340 1785 417 Lancastriae,
1802 361 1946 406 cum
1960 345 2224 407 exercitu
2243 345 2411 426 petiit
2425 341 2765 426 Hispaniam
2787 339 2906 412 tio-

828 429 994 493 mine
1044 431 1215 512 regni
1253 429 1358 490 fibi
1398 449 1503 511 per
1540 449 1798 492 uxorem
1841 432 2048 506 debiti,
2101 432 2215 496 ὅτε.
2311 437 2394 494 Ut
2433 436 2607 496 multi
2647 456 2725 498 ex
2765 438 2903 515 ejus

830 518 1127 582 militibus
1169 513 1505 599 dysenteria
1548 520 1848 600 perierint.
1945 514 2229 583 Tandem
2277 520 2406 581 data
2457 524 2702 602 pecunia
2750 523 2904 585 duci

830 605 1133 668 Lan-castr:
1165 623 1533 669 conventum
1560 605 1665 681 est,
1713 623 1784 668 ut
1816 629 1921 670 rex
1953 609 2099 670 dum
2125 611 2348 670 viveret
2369 609 2643 691 Hispania
2675 612 2900 692 potire-

832 709 953 769 tur,
1002 694 1325 778 posteaque
1355 695 1430 756 ad
1456 699 1745 772 Joannem
1777 693 1994 758 ducem
2015 697 2072 758 &
2093 698 2218 775 ejus
2249 698 2496 759 heredes
2530 699 2840 762 deveniret.
2915 735 2922 742 ·

496 791 713 845 Michael
732 792 791 843 de
918 783 1177 846 Michael
1209 785 1370 860 Pole,
1410 783 1783 845 cancellarius
1809 785 1996 867 Angi.
2026 785 2106 853 ,in
2151 787 2539 865 parlamento‚
2589 788 2748 869 quod
2776 807 2893 852 rex

492 861 545 911 ¹⁸
564 859 694 958 Pele.
832 891 939 954 per
964 893 1232 953 proceres
1248 871 1499 932 coactus
1522 871 1782 954 collegit,
1809 875 2160 956 proditionis
2183 873 2534 936 damnatur:
2569 872 2666 936 sed
2691 873 2898 958 postea

832 959 1113 1023 Caletum
1141 959 1301 1042 fugit
1328 959 1384 1021 &
1412 960 1487 1022 ad
1521 1005 1538 1022 .
1591 1007 1605 1022 .
1655 1006 1673 1022 .
1703 959 1954 1022 Parisios
1980 961 2087 1023 ubi
2119 960 2291 1034 obiit,
2327 963 2385 1022 Sc
2415 964 2544 1042 ejus
2574 983 2717 1046 opes
2740 965 2892 1025 Ver·

833 1049 1104 1110 marchio
1127 1049 1452 1122 Dubliniae,
1498 1068 1622 1108 una
1650 1068 1790 1112 cum
1821 1047 1923 1110 illo
1949 1048 2091 1110 exul
2123 1048 2374 1132 adeptus
2405 1049 2508 1115 est.

533 1149 649 1207 Paz.
677 1163 787 1208 33⁷·
854 1173 863 1182 ·
922 1137 1215 1198 Henricus
1246 1139 1429 1216 Percy
1466 1137 1693 1216 junior,
1741 1157 1930 1218 quem
1977 1138 2163 1199 Scotti
2191 1153 2556 1201 vocaverunt
2597 1135 2896 1225 Hatespur

499 1215 650 1328 {lacy
670 1229 779 1278 cog:
839 1241 1082 1310 propter
1109 1227 1371 1288 innatam
1403 1223 1509 1286 fibi
1539 1225 1921 1306 probitatem.

555 1279 809 1342 atespurre.

504 1343 763 1396 Gualoerus
923 1313 1251 1375 Gualterus
1283 1312 1443 1374 Disse
1468 1313 1806 1387 Carmelita,
1846 1309 2132 1375 confeffor
2157 1312 2326 1374 ducis
2359 1311 2734 1392 Lancastriae‚
2769 1337 2898 1380 non

498 1409 645 1462 Diffe:
688 1459 701 1468 ,
839 1399 1143 1484 profectus
1172 1399 1254 1462 est
1303 1402 1377 1462 in·
1407 1398 1748 1482 Hispaniam
1795 1421 1916 1461 una
1950 1423 2088 1464 cum
2135 1401 2307 1474 duce,
2353 1399 2453 1462 sed
2499 1401 2773 1486 privatim
2817 1405 2899 1466 ab

836 1490 1091 1552 Urbano
1122 1485 1182 1552 6.
1231 1507 1369 1550 cum
1400 1490 1462 1550 in
1491 1491 1744 1570 gratiam
1777 1488 1964 1563 ducis,
2016 1504 2152 1551 tum
2180 1491 2436 1551 maxime
2455 1507 2523 1552 ut
2546 1492 2896 1554 corraderet

630 1621 667 1682 τ
838 1579 1176 1659 pecuniam,
1222 1578 1284 1638 in
1313 1575 1557 1638 diversas
1588 1578 1860 1659 regiones
1887 1577 2117 1660 legatus
2142 1576 2518 1657 Apostolicus
2550 1581 2752 1642 miffi1s
2783 1579 2895 1643 est.

498 1687 817 1738 petruspate-
838 1669 947 1730 Per
974 1667 1134 1729 hunc
1158 1667 1368 1726 Petrus
1402 1664 1697 1741 Patefhul,
1743 1662 1922 1747 frater
1943 1663 2266 1749 Augustin:
2295 1683 2534 1750 accepto
2562 1665 2902 1750 diplomate

499 1750 643 1832 thuh-
836 1751 1111 1837 deposuit
1139 1752 1439 1814 habitum.

907 1839 1197 1904 ”Pateshul
1227 1839 1421 1922 postea
1455 1838 1808 1902 Wiclevistis
1852 1838 2116 1915 adhaesit,
2161 1841 2220 1903 &
2257 1840 2576 1922 praedicans
2615 1841 2897 1905 Londini

834 1945 1047 1995 eontra
1064 1922 1272 1990 fratres
1297 1927 1615 2010 Augustin:
1640 1929 1699 1990 in
1723 1927 1962 1991 ecclesia
1981 1927 2184 1990 Sancti
2203 1929 2621 2013 Christophori
2640 1949 2894 2012 magnas

835 2018 1043 2082 turbas
1090 2017 1384 2089 excitavit,
1432 2019 1516 2076 ita
1560 2031 1629 2076 ut
1670 2019 1799 2098 ejus
1844 2015 2108 2077 fautores
2151 2019 2428 2079 coenobio
2469 2015 2719 2079 fratrum
2749 2024 2890 2080 Au·
2943 2061 2950 2072 .

832 2105 1059 2192 gustin:
1082 2105 1279 2188 ignem
1304 2103 1626 2184 injeeturos
1656 2101 1712 2165 se
1731 2105 2250 2168 comminarentur.
2313 2103 2518 2166 Postea
2543 2101 2764 2186 scripsit
2791 2104 2887 2166 fa-

832 2191 1027 2259 mosos
1069 2193 1303 2257 libellos
1335 2210 1541 2270 contra
1580 2191 1787 2255 fratres
1823 2190 2143 2274 Augustin:
2194 2195 2460 2254 Fuerunt
2493 2189 2726 2267 militm,
2773 2195 2888 2276 qui

832 2283 989 2344 hanc
1036 2279 1263 2366 sectam·
1295 2280 1635 2353 coluerunt,
1682 2279 2020 2342 Gulielmus
2071 2279 2281 2361 Nevyl,
2333 2281 2682 2342 Ludovicus
2727 2281 2888 2344 Clif-

830 2367 994 2445 ford,
1035 2372 1211 2450 Joan:
1262 2367 1573 2441 Clenbow‚
1620 2367 1956 2430 Richardus
1995 2371 2229 2447 Sturry,
2277 2370 2553 2430 Thomas
2592 2371 2884 2448 Latirner‚

832 2462 1087 2539 Joannes
1127 2460 1478 2540 Montague,
1510 2458 1632 2539 'qui
1663 2456 2023 2519 Sanctorum
2073 2458 2358 2541 imagines
2401 2459 2462 2517 in
2503 2457 2739 2519 ecclesia
2781 2458 2886 2521 sua

834 2546 996 2631 apud
1022 2545 1279 2608 Schenel·
1296 2546 1655 2608 deturbavit.

500 2655 726 2707 Thomas
904 2636 1253 2697 Divortiurn
1270 2630 1848 2707 filiaeIsabenae,filiae
1861 2631 2149 2693 Edwardi
2172 2626 2362 2712 3.fuit
2375 2628 2884 2695 cauffadiscordiae

498 2724 597 2799 Vqr
623 2721 810 2786 repudi·
836 2719 989 2785 inter
1016 2720 1351 2783 Robertum
1374 2722 1512 2796 Ver,
1547 2720 1761 2782 ducem
1793 2720 2116 2791 Hiberniae,
2145 2720 2203 2780 δε
2223 2720 2438 2779 ducem
2467 2720 2829 2784 Glocestriae.
2917 2718 2923 2723 ’

496 2799 599 2900 ζζζῐξ
616 2804 753 2901 ’ἔζη
920 2812 1000 2870 Et
1039 2798 1235 2890 primo
1268 2808 1425 2871 misit
1472 2808 1548 2869 ad
1564 2792 1890 2879 ‘castellum
1920 2809 1993 2869 de
2043 2812 2312 2889 Reygate
2351 2807 2427 2869 ad
2471 2808 2878 2873 arrestandum

498 2920 727 2987 Reygate.
758 2890 772 2903 ⁰
832 2899 1115 2962 comitem
1154 2896 1229 2957 de
1256 2895 1548 2959 Arundel.

478 2996 483 3003 '
850 3046 855 3053 ,
923 2989 1071 3046 Dux
1098 2982 1443 3047 Glocestriae
1489 2986 1547 3045 8c
1576 2982 1675 3045 alii
1723 2981 1947 3045 nobiles
1990 2981 2405 3066 perduxerunt
2449 2984 2779 3048 exercitum
2811 2986 2878 3049 in

833 3070 1234 3136 defensionem
1266 3071 1340 3134 ad
1370 3072 1694 3154 Haringay.

916 3160 1233 3223 Exercitus
1262 3160 1551 3222 nobilium
1578 3160 1863 3242 pugnavit
1892 3174 2102 3221 contra
2131 3158 2434 3219 Thomam
2465 3161 2607 3232 Ver,
2655 3158 2875 3225 ducem

496 3253 745 3306 Burforde.
832 3248 1156 3323 Hiberniae‚
1199 3248 1261 3311 δι
1296 3247 1810 3329 εωήνὶεὶῑῇωςῑα
1842 3245 2354 3331 Burfordeprope
2385 3246 2663 3309 Bablake.
2756 3246 2876 3311 Sed

830 3338 953 3401 Ver
982 3336 1204 3399 ibidem
1234 3335 1378 3419 fuga
1406 3333 1631 3418 elapsus
1658 3333 1759 3398 est.
1843 3370 1848 3379 ·

912 3424 1193 3488 Nicolaus
1224 3426 1511 3493 Brem‘bre
1539 3425 1730 3497 miles
1761 3421 1868 3505 qui
1898 3420 2090 3483 voluit
2119 3417 2405 3483 Londino
2437 3442 2653 3484 nomen
2681 3424 2870 3485 Novae

825 3516 891 3578 T
893 3516 1031 3594 rojae
1060 3534 1373 3595 apponere,
1422 3513 1482 3573 &
1510 3510 1564 3573 se
1591 3513 1716 3593 ejus
1747 3512 1956 3571 ducem
1990 3507 2319 3589 nominare.

914 3603 1167 3685 DuglaS,
1192 3602 1529 3683 capitaneus
1550 3604 1917 3671 Scottorum,
1938 3596 2012 3657 ab
2029 3598 2287 3659 Henrico
2303 3598 2483 3679 Percy
2497 3595 2870 3667 interfectus,

828 3686 956 3773 Ipse
986 3705 1179 3751 tamen
1215 3687 1409 3771 postea
1438 3688 1471 3749 a
1496 3690 1712 3749 Scottis
1741 3703 1946 3769 captus
1977 3682 2080 3749 est.

914 3777 1347 3839 Parlamentum
1377 3775 1788 3858 Cantabrigiae.
1847 3778 1994 3858 Qo
2023 3787 2288 3855 tempore
2312 3776 2393 3836 D.
2420 3772 2692 3836 Thomas
2718 3769 2866 3835 Tri-

491 3882 789 3935 Barnewelle„
827 3864 985 3939 veth,
1034 3885 1173 3927 cum
1204 3886 1338 3947 rege
1367 3860 1559 3925 versus
1594 3862 1903 3929 Bul-newel
1931 3862 2298 3933 coenobium,
2347 3862 2452 3923 ubi
2483 3881 2589 3923 rex
2607 3861 2863 3943 jacebat,

490 3947 749 4025 monaster:
826 3955 1117 4037 equitans,
1146 3948 1377 4025 cecidit,
1420 3950 1476 4013 &
1506 3948 1638 4019 casu
1669 3952 1904 4011 attritus
1939 3948 2116 4029 paulo
2147 3947 2274 4030 post
2301 3949 2472 4011 obiit.

488 4012 654 4131 ἓξὲξ
668 4016 796 4130 {gg
910 4044 1069 4123 Papa
1118 4040 1331 4104 creavit
1382 4027 1778 4101 Edmundum
1827 4036 2172 4101 Bromefeld
2219 4034 2562 4121 episcopum
2621 4035 2864 4099 Landa-

822 4128 1071 4193 vensem.
1451 4148 1457 4153 ·
2453 4134 2460 4141 “

909 4216 1037 4279 Hoc
1072 4215 1436 4299 parlamento
1465 4212 1561 4293 jo:
1597 4212 1671 4274 de
1694 4215 1924 4285 Gaunt,
1963 4211 2090 4273 dux
2121 4208 2483 4285 Lancastriae,
2517 4211 2770 4293 erigitur
2798 4212 2862 4275 in

816 4305 1035 4372 ducem
1064 4306 1421 4389 Aquitaniae,
1462 4298 1519 4365 δὲ
1544 4301 1724 4365 etiam
1758 4299 1918 4365 filius
1957 4300 2126 4365 ducis
2157 4297 2544 4367 Eboracenfis
2585 4300 2644 4361 in
2678 4300 2861 4361 comi·

2671 4400 2880 4449 tatum·
