3414 4866
586 229 732 308 με,
1186 219 1830 304 ³JoANN1s
1931 219 2568 287 LELaunt

554 367 684 443 Pon}
704 368 853 414 Vero·
973 355 1131 426 Pons
1152 362 1432 446 Wigorn:
1458 361 1534 424 ab
1553 361 1858 427 Edwardo
1879 360 2151 448 principe
2173 361 2506 428 confrassus
2525 383 2600 426 ne
2617 359 2932 446 pertranfi·

548 429 801 524 comensis.
887 463 980 515 ret
1008 451 1215 514 Simon
1244 451 1318 512 de
1345 447 1722 516 Monteforti.
2808 506 2816 515 .

972 535 1305 688 {ioucestrz
1349 557 1490 600 cum
1526 535 1718 601 castro
1757 549 1992 623 recepta
2039 537 2116 604 ab
2163 535 2468 604 Edwardo
2507 535 2772 624 principe
2817 556 2934 623 per

886 645 1002 690 con
1046 629 1280 691 itiones.
2631 681 2646 694 .

975 714 1287 778 wintonia
1308 714 1511 776 civitas
1537 726 1715 798 capta
1743 711 1779 774 a
1805 710 2149 778 baronibus.

977 803 1189 864 Simon
1237 801 1313 864 de
1354 797 1705 864 Monteforti
1749 797 1974 868 occisus
2017 802 2080 865 in
2130 798 2291 864 bello
2337 795 2784 866 Eoveihamenfi
2821 817 2930 883 per

890 888 1258 954 Edwardum
1290 889 1635 972 principem,
1680 889 1742 950 &
1767 890 2040 952 comitem
2069 887 2427 966 Gloucestrt„

977 979 1247 1060 Recepto
1266 973 1300 1038 ὲ
1316 976 1521 1057 Regiis
1540 973 1781 1058 castello
1802 973 2112 1051 deDovar,
2137 995 2294 1038 uxor
2315 976 2574 1041 Simonis
2596 975 2674 1039 de
2692 975 2934 1038 Monte·

892 1063 1041 1128 forti
1058 1064 1149 1213 siu
1194 1063 1503 1127 Franciam
1549 1060 1951 1128 transfretavit
1996 1083 2135 1126 cum
2180 1067 2456 1130 Americo
2515 1065 2574 1127 &
2627 1061 2943 1128 Richardo

892 1151 1031 1218 filiis
1086 1151 1197 1214 uis·

982 1239 1191 1302 Simon
1228 1236 1303 1301 de
1330 1233 1681 1302 Monteforti
1711 1236 1917 1320 junior
1943 1253 2197 1322 occupat
2223 1235 2473 1302 insulam
2503 1238 2580 1301 de
2607 1235 2942 1314 Axh01me,

895 1323 1180 1408 adjumsto
1204 1323 1315 1390 fibi
1342 1329 1569 1404 Joanne
1608 1326 1896 1409 Deyville,
1944 1327 2002 1387 ἃ
2035 1327 2384 1390 Baldewino
2410 1329 2603 1390 Wake
2637 1325 2748 1408 qui
2775 1322 2943 1386 frau-

566 1409 835 1466 Bromefeld
897 1413 1171 1478 dulenter
1214 1409 1468 1477 evaserat
1508 1413 1585 1476 de
1634 1411 1827 1478 castro
1870 1411 1946 1477 de
1973 1411 2306 1478 Brunisfeld
2347 1411 2380 1474 a
2407 1417 2638 1493 Joanne
2675 1409 2941 1487 Giffard,

562 1478 824 1532 castellum.
893 1501 1064 1583 cujus
1088 1502 1358 1586 captivus
1383 1499 1597 1566 fuerat.

981 1589 1192 1653 Simon
1222 1588 1424 1670 junior
1456 1589 1533 1650 de
1570 1585 1924 1653 Monteforti
1950 1586 2154 1652 insulae
2195 1587 2272 1654 de
2299 1585 2602 1653 Axholme
2641 1585 2804 1651 ceffit
2831 1605 2944 1671 pet

892 1675 1265 1742 conditiones
1290 1676 1367 1738 ab
1396 1675 1701 1740 Edwardo
1729 1677 1996 1760 principe
2029 1677 2278 1740 oblatas.

902 1767 909 1774 ’
980 1767 1196 1827 Comes
1224 1761 1614 1838 Ferraricnfis,
1656 1763 1758 1845 adj
1766 1761 1943 1827 undio
1972 1763 2316 1828 Baldewino
2350 1766 2566 1839 wake,
2609 1763 2670 1826 δε
2697 1766 2942 1843 Joanne

892 1851 1190 1934 Deyville,
1232 1851 1291 1914 &
1320 1850 1467 1925 aliis,
1513 1847 1697 1914 castra
1726 1853 1898 1936 ponit
1943 1853 2106 1934 apud
2145 1853 2432 1937 burgum·
2452 1851 2527 1915 de
2556 1835 2948 1927 C‘estrefelde,

894 1937 1004 2004 ubi
1051 1937 1249 2022 postea
1296 1959 1399 2022 per
1427 1937 1797 2002 Edwardum
1839 1939 2188 2022 principem,
2234 1941 2295 2001 &
2341 1939 2665 2002 Hem-icum
2708 1941 2942 2022 primo-

893 2027 1171 2111 genitum
1197 2026 1507 2100 meinardi,
1548 2027 1707 2109 regis
1736 2029 1852 2090 Ro:
1887 2025 2262 2090 Fert-ariensis
2285 2026 2474 2090 vistus
2505 2027 2562 2090 δε
2585 2041 2794 2110 captus
2823 2025 2940 2104 est,

896 2117 957 2178 δε
986 2111 1397 2178 Windesoram
1428 2113 1627 2177 mitius
1655 2115 1719 2175 in
1745 2111 2099 2178 custodiam.

984 2200 1181 2266 Adam
1211 2201 1287 2264 de
1315 2202 1575 2264 Gurdon
1612 2199 1916 2282 deqastanS
1955 2222 2092 2264 cum
2135 2201 2260 2264 aliis
2293 2216 2484 2285 partes
2524 2199 2944 2265 meridionales

894 2287 1091 2438 vietuls
1143 2287 1228 2353 est
1271 2291 1331 2352 ἃ
1368 2305 1575 2376 captus
1610 2287 1687 2352 ab
1716 2288 2019 2352 Edwardo
2064 2289 2328 2373 principe
2371 2309 2554 2378 prope
2594 2287 2824 2373 sylvam
2859 2290 2939 2352 dr.

894 2379 1049 2445 Awe
1076 2391 1199 2441 ton.

982 2464 1271 2547 Helieufis
1299 2460 1485 2527 insula
1514 2478 1802 2547 occupata
1831 2464 1908 2528 ab
1939 2464 2330 2543 exheredatis,
2373 2460 2410 2526 a
2433 2463 2660 2551 quibus
2690 2464 2752 2529 ἃ
2779 2466 2942 2528 Nor-

895 2552 1182 2617 dovicnm
1213 2554 1273 2617 &
1302 2554 1523 2615 Linum
1556 2550 1750 2637 postea
1780 2552 2101 2637 direptum.

981 2642 1273 2705 Henricus
1304 2660 1364 2723 3.
1395 2640 1689 2703 redditum
1720 2637 1828 2703 fibi
1867 2638 2123 2704 castrum
2154 2640 2232 2705 de
2267 2638 2653 2705 Kenelworth
2689 2638 2940 2705 tradidit

896 2726 1225 2792 Edmundo
1253 2726 1378 2790 filio
1406 2723 1512 2789 suo
1538 2724 2043 2812 secundo-genita

868 2838 877 2849 ·
981 2820 1163 2879 Anno
1215 2813 1400 2899 1265.
1465 2812 1749 2879 Pontifex
1789 2820 1908 2879 Ro:
1946 2815 2151 2881 cassata
2197 2814 2486 2881 clec‘tione
2528 2812 2683 2877 Gul:
2731 2815 2940 2883 decani

894 2901 1083 2967 Ebur:
1132 2904 1239 2985 qui
1278 2904 1431 2967 circa
1458 2896 1670 2965 festum
1698 2906 1764 2965 S.
1798 2904 2030 2969 Nicolai
2059 2903 2132 2965 de
2159 2905 2324 2967 curia
2356 2902 2532 2967 rediit
2557 2902 2751 2966 Ebot:
2797 2924 2939 2968 con·

897 2990 1039 3053 tulit
1068 2986 1631 3075 archiepiscopatum
1673 2990 1920 3053 cuidam
1947 2992 2023 3054 de
2061 2990 2269 3054 ordine
2311 2989 2563 3053 fratrum
2601 2990 2936 3067 Minorum,

1608 3076 1778 3142 disto
1847 3082 2290 3153 Bonaventura,
2362 3078 2471 3162 qui
2528 3079 2740 3141 timens
2798 3078 2940 3163 pelli

656 3170 1072 3235 Bonaventura
1092 3163 1317 3229 eledius
1340 3165 1403 3228 in
1432 3186 1522 3227 ar·
1608 3160 1726 3227 suae
1782 3186 1856 3229 ne
1903 3164 2064 3229 forte
2109 3163 2330 3229 furiam
2379 3164 2564 3249 Anglz
2620 3184 2762 3247 quae
2819 3186 2940 3229 non

567 3256 1008 3341 chiepiscopum
1025 3254 1207 3317 Ebot:
1232 3252 1521 3315 Baldewi-
1607 3254 1754 3317 dum
1795 3250 1989 3316 sedata
2015 3252 2132 3316 fuit
2159 3254 2235 3316 ad
2268 3255 2526 3335 plenum,
2571 3248 2684 3315 fibi
2705 3250 2944 3319 sentiret

568 3368 681 3411 uus
697 3349 893 3409 Wake
907 3340 1183 3407 evasttex
1201 3338 1433 3403 castello
1449 3341 1524 3402 de
1608 3338 1894 3414 infestam,
1948 3357 2130 3404 tantae
2173 3341 2537 3405 cenitudinis
2589 3338 2939 3425 dignitatem

567 3469 1108 3601 Briirgielssquaein
1122 3510 1384 3579 custodia
1396 3528 1522 3577 erat
1602 3424 2373 3597 epffcgfft'zeliodleefigssiiiet·
2402 3517 2462 3578 &
2507 3508 2820 3579 Robertus
2869 3514 2943 3577 de

567 3610 813 3691 Joannis
842 3604 1101 3671 Giffard.
1606 3602 1850 3687 Wileby
1907 3603 2198 3686 capitanei
2271 3603 2763 3667 exheredatorum
2836 3606 2950 3687 qui

1604 3695 2043 3773 occupaverunt
2065 3688 2387 3756 Heliensem
2415 3687 2683 3755 insulam.

1715 3783 1894 3841 Anno
1933 3798 1954 3841 1
1970 3780 2118 3861 265.

440 3866 462 3879 ‘
569 3876 807 3929 cah-ussne.
926 3928 931 3933 ,
992 3866 1197 3931 Simon
1238 3863 1315 3927 de
1340 3862 1695 3927 Monteforti
1735 3868 2044 3949 occupavit
2079 3864 2344 3939 cairusk,
2392 3863 2644 3929 castrum
2689 3862 2944 3926 domini-

904 3974 1043 4018 cum
1066 3954 1295 4017 comitis
1320 3950 1655 4014 Gloucestr:
1683 3950 1742 4013 &
1764 3954 2004 4015 Novum
2027 3968 2287 4036 portum,
2319 3954 2517 4015 vicum
2543 3953 2940 4015 maritimum=

900 4038 1001 4104 sed
1041 4060 1233 4104 comes
1262 4036 1596 4102 Gloucestr:
1632 4055 1958 4122 utrumque
1989 4043 2168 4123 paulo
2197 4040 2323 4123 post
2353 4041 2740 4123 recuperavit.

603 4144 718 4213 Bag.
749 4149 854 4206 380⁴.
987 4134 1165 4193 Anno
1194 4130 1273 4191 D.
1311 4130 1495 4203 1267.
1540 4124 1851 4189 Gilbertus
1875 4128 1951 4191 de
1977 4130 2170 4205 Clare,
2214 4148 2412 4197 comes
2435 4125 2801 4203 Glocestriae,
2841 4146 2942 4189 ur·

903 4215 1039 4279 bem
1070 4210 1497 4276 Londinensem
1526 4228 1784 4295 occupat
1815 4214 1874 4280 &
1904 4216 2127 4281 firmat.

987 4302 1268 4365 Hem-icus
1300 4302 1459 4365 Pedo
1488 4314 1717 4385 pyrata.

1670 4424 1678 4431 ·
1721 4400 1728 4407 '
2645 4386 2942 4453 Hem-icus
