3414 4866
715 122 1422 209 ANTIQUARII
1509 123 2368 189 COLLECTANEA.
2744 118 2907 217 ¹²?

2674 210 2689 239 l

501 300 515 431 ἶ
595 355 746 421 Paffi
793 354 932 421 sunt
958 376 1028 419 ea
1057 353 1401 437 tempestate
1421 254 1656 419 {acie-dii
1675 358 1735 418 81
1766 354 1983 437 Julius,
2030 358 2387 441 Legionum
2408 357 2575 423 urbis
2592 366 2775 447 ijitas
2807 369 2905 419 Le·

505 444 687 522 cives,
736 445 961 530 aliique
987 441 1302 527 utriusque
1331 440 1500 507 sexus
1530 445 1767 507 diversis
1796 448 1857 505 in
1888 445 2033 507 locis
2062 447 2281 528 plures.
2588 448 2814 501 cmun-

1383 550 1710 611 Lelandus.

593 648 762 711 Beda
808 648 910 710 hic
955 645 1064 711 sub
1097 648 1334 709 nomine
1362 648 1576 709 Clerici
1622 648 2055 730 Amphibalum
2098 646 2413 733 significat,
2460 650 2572 734 qui

510 755 614 816 per
647 757 869 799 nomen
897 732 1135 799 fortaffe
1165 739 1408 832 igpotus
1439 734 1555 797 fuit
1582 762 1600 813 3
1649 736 1724 799 de
1758 738 1928 816 cujus
1956 738 2137 800 etiam
2169 738 2449 819 martyrio
2478 738 2569 802 ni·

505 824 589 887 hil
621 823 868 909 prorsus
899 822 1117 888 scribit.
1573 822 1578 829 ’

500 926 511 933 ·
1249 914 1351 974 Ex
1390 914 1544 991 cap0.
1595 914 1804 974 v1110.

593 1008 945 1095 Manfitque
971 1009 1098 1073 haec
1127 1010 1190 1071 in
1218 1009 1470 1071 ecclesiis
1492 1008 1736 1084 Christi,
1785 1032 1925 1095 quae
1955 1025 2119 1073 erant
2151 1012 2211 1073 ln
2243 1012 2563 1086 Britannia,
2584 1016 2899 1075 Arrianahn·

505 1108 639 1183 pax·
658 1096 849 1181 usque
879 1098 955 1159 ad
988 1112 1254 1177 tempora
1283 1100 1555 1159 Arrianae
1582 1096 1847 1171 vesanias,
1893 1119 2050 1181 quae,
2098 1115 2385 1181 corrupto
2417 1100 2567 1163 orbe
2582 1083 2693 1197 ’ἑῇς
2723 1086 2855 1163 Βῗῑῖ

505 1199 654 1259 tot0‚
703 1186 860 1248 hanc
889 1186 1066 1247 etiam
1107 1180 1377 1258 insulam,
1425 1203 1594 1247 extra
1634 1187 1843 1247 orbern
1878 1202 2003 1247 tam
2030 1188 2207 1268 longe
2248 1203 2560 1263 remotam,
2582 1166 2757 1267 &5¹3⁸
2778 1166 2857 1203 ω’

501 1290 735 1336 veneno
779 1270 864 1337 sui
914 1270 1122 1335 infecit
1152 1273 1388 1346 erroriS,
1435 1276 1494 1335 &
1543 1275 1652 1335 hac
1696 1273 1861 1357 quali
1906 1277 1999 1334 via
2032 1272 2371 1356 pestilentiae
2404 1292 2565 1336 trans

502 1380 796 1428 oceanum
826 1358 1141 1441 patefacta,
1193 1361 1341 1439 (non
1375 1364 1564 1442 mora)
1612 1364 1801 1421 omnis
1844 1358 1901 1422 se
1930 1361 2053 1422 lues
2084 1360 2415 1423 haereseosa
2448 1364 2563 1424 hu-

493 1446 720 1531 jusque
762 1447 983 1520 insulae,
1028 1449 1166 1509 novi
1196 1444 1422 1528 semper
1471 1449 1696 1531 aliquid
1728 1448 1933 1511 audire
1962 1448 2269 1532 gaudenti,
2316 1450 2377 1511 ‹Sc
2408 1448 2564 1515 nihil

501 1538 652 1598 certi
678 1534 930 1599 firmiter
957 1535 1276 1609 obtinenti,
1320 1532 1564 1597 infudit.

1416 1640 1624 1708 Ibidem
1633 1686 1648 1701 .

590 1743 706 1811 Hic
752 1739 1216 1805 Constantinum
1268 1737 1480 1814 filium,
1525 1761 1606 1803 ex
1648 1739 1984 1803 concubina
2013 1741 2239 1805 Helena
2266 1759 2555 1821 creatum,

500 1830 924 1915 imperatorem
954 1828 1292 1889 Galliarum
1330 1828 1590 1910 reliquit.

1290 1952 1390 2011 Ex
1430 1953 1591 2033 cap0.
1638 1950 1768 2013 10⁰.
2536 2010 2541 2013 ,
2586 1960 2713 2027 φας.
2741 1978 2853 2014 ηο.

633 2054 682 2099 ε.
705 2046 914 2099 Arcadii.
2555 2057 2567 2071 .

587 2120 780 2199 Cujus
813 2113 1182 2197 temporibus
1211 2112 1484 2197 Pelagius
1513 2115 1729 2187 Britto,
1780 2128 1985 2175 contra
2016 2114 2307 2177 auxilium
2350 2118 2559 2199 gratiae
2576 2126 2797 2195 Pelagius

489 2204 798 2286 supernae,
841 2222 1068 2265 venena
1095 2199 1216 2265 suae
1249 2202 1516 2284 pet-fidiae
1557 2202 1731 2283 longe
1776 2202 2013 2282 lateque
2043 2200 2330 2284 dispersit,
2380 2224 2553 2266 utens
2575 2179 2789 2259 [haereti-
2884 2210 2891 2219 ·

485 2306 888 2373 cooperatore
911 2278 1151 2370 {Iuliano
1171 2286 1247 2350 de
1270 2288 1614 2370 Campania,
1647 2309 1835 2370 quem
1863 2289 2097 2351 dudum
2120 2291 2303 2353 atnifft
2332 2290 2551 2375 episco-
2572 2258 2706 2326 ω’]

484 2395 691 2468 patus.
705 2380 1100 2462 intemperans
1129 2376 1351 2460 cupido
1377 2377 1737 2460 exagitabat.
1832 2413 1837 2425 ι

1282 2507 1384 2568 Ex
1411 2502 1583 2588 capo.
1622 2523 1649 2568 1
1668 2507 1767 2568 1⁰.

631 2608 684 2654 S.
703 2605 866 2653 Roma
887 2615 1016 2668 capta
1040 2603 1067 2653 :i
1094 2601 1293 2650 Gothis.

577 2671 716 2737 Post
747 2693 932 2734 annos
959 2670 1145 2736 ferme
1174 2689 1324 2749 470.
1358 2689 1434 2733 ex
1463 2689 1590 2752 quo
1619 2671 1693 2730 C.
1728 2666 1925 2746 Julius
1956 2667 2148 2732 Caesar
2177 2667 2423 2732 eandem
2454 2671 2546 2756 in-

483 2757 678 2824 sulam
709 2760 878 2826 adiit.
1421 2775 1434 2785 “

527 2874 750 2942 Ibidem
775 2875 847 2940 dc
873 2877 1145 2940 Romanis
1177 2871 1218 2958 (
1222 2875 1287 2938 ni
1292 2870 1529 2956 fallor)
1563 2856 1940 2936 Britanniam
1969 2871 2359 2952 incolentibus,
2388 2889 2502 2940 aut

921 2963 1060 3028 -olim
1088 2967 1202 3045 per
1229 2961 1469 3046 legiones
1497 2983 1624 3022 eam
1651 2957 2103 3042 defendentibus.

503 3139 511 3146 .
571 3061 946 3128 Habitabant
975 3076 1170 3126 autem
1196 3060 1348 3122 intra
1377 3059 1624 3132 vallum,
1673 3059 1841 3140 quod
1872 3063 2153 3122 Severum
2185 3078 2346 3148 trans
2384 3059 2541 3132 insu·

473 3153 604 3217 lam
655 3147 849 3212 fecisse
883 3150 1502 3224 commemoravimus,
1549 3147 1624 3208 ad
1659 3148 1898 3228 plagam
1928 3144 2325 3225 meridianam,
2372 3152 2540 3232 quod

471 3239 769 3312 civitates}
805 3239 1049 3320 pharus,
1100 3225 1328 3320 pont'es,
1361 3237 1419 3296 8c
1449 3233 1645 3296 stratae
1672 3233 1893 3296 ibidem
1923 3231 2114 3308 fat‘tae,
2147 3236 2335 3318 usque
2364 3239 2541 3313 hodie
2628 3251 2639 3273 “·

473 3326 802 3392 testantur.
915 3329 1194 3390 Ceterum
1255 3324 1560 3386 ulteriores
1617 3323 1943 3386 Britanniae
1998 3341 2221 3402 partes,
2284 3326 2377 3385 vel
2442 3346 2541 3388 eas

463 3414 684 3488 etiam,
733 3433 876 3496 quae
923 3413 1076 3476 ultra
1109 3413 1483 3474 Britanniam
1530 3405 1684 3485 sunt,
1732 3407 1968 3485 insulas,
2006 3411 2141 3489 jure
2186 3410 2539 3476 dominandi

459 3501 874 3588 poffidebant.

1291 3590 1391 3647 Ex
1429 3595 1560 3650 120.
1603 3588 1731 3665 cap.

491 3741 497 3748 -
559 3693 736 3760 Exin
767 3691 1086 3777 Britannia,
1117 3692 1281 3768 omni
1305 3705 1536 3754 armato
1561 3691 1768 3763 milite,
1812 3690 2167 3752 militaribus
2192 3690 2377 3773 copiis
2400 3695 2534 3756 uni·-

457 3783 684 3856 verfiS,
736 3799 862 3846 tota
888 3781 1122 3843 floridae
1153 3779 1476 3852 iuventutis
1504 3779 1825 3852 alacritate,
1856 3773 2118 3858 spoliata,
2152 3797 2305 3859 quae,
2338 3795 2533 3862 tyran.

369 3948 372 3951 ,
450 3891 697 3940 norum
747 3871 1078 3932 temeritate
1115 3864 1139 3912 l’
1169 3865 1456 3939 obdutta,
1505 3863 1795 3946 nusquam
1834 3867 1989 3926 ultra
2034 3865 2282 3926 domum
2330 3867 2529 3944 rediit,

456 3959 694 4044 praedae
715 3973 946 4020 tanturn
975 3955 1188 4038 patuit,
1210 3969 1418 4035 utpote
1439 3954 1632 4013 omnis
1654 3953 1851 4014 bellici
1866 3951 2003 4018 usus
2030 3952 2261 4035 prorsus
2286 3956 2489 4036 ignara
2512 3979 2529 4020 ε
2580 3957 2585 3964 ’
2720 4027 2736 4042 .

450 4049 740 4130 denique
759 4043 956 4108 subito
975 4044 1213 4106 duabus
1235 4043 1518 4126 gentibus
1541 4040 1939 4102 transmarinis
1956 4043 2326 4103 vehementer
2346 4039 2553 4122 saevi3,·
2622 4036 2647 4070 ⁶
2682 4019 2775 4111 >.<

524 4185 560 4214 a
601 4167 661 4214 L.
686 4163 926 4226 cujusque,
964 4179 1016 4214 ex
1036 4157 1231 4226 impr-effi
1330 4159 1355 4210 h
1389 4156 1605 4208 Abducta
1628 4155 1700 4205 M
1705 4161 1752 4206 S.
1838 4175 1861 4207 c
1896 4160 2081 4224 Signum
2104 4159 2179 4208 hoc
2200 4161 2452 4228 marginale
2472 4162 2533 4216 es?

451 4232 514 4285 ab
535 4230 638 4300 ipso
661 4227 878 4282 Lelando.
1299 4235 1310 4256 ⁸

1444 4293 1588 4392 Q}
2134 4319 2145 4329 ·
2194 4295 2535 4372 Scottorum
