3414 4866
517 93 646 180 158
1021 33 1763 175 ‚JoA-NNis
1872 89 2515 156 LELAND1

1523 226 1694 286 Ex
1720 225 1890 304 cap00
1929 242 1955 288 1
2012 238 2045 270 0

890 315 1040 374 Erat
1067 308 1382 394 praefestus
1411 309 1683 396 Ecgfridi
1707 315 1865 394 regis
1875 241 2217 386 Hisdemee
2264 313 2356 374 vir
2392 310 2687 394 religiosis
2712 331 2863 378 cum

805 391 972 463 mimi
1000 399 1184 462 domo
1213 397 1312 462 sua
1339 401 1578 464 deditus
1601 400 1910 482 operibus,
1957 399 2271 485 ideoque
2244 423 2281 463 a
2306 401 2484 465 beato
2514 401 2867 464 Cuthberto

805 485 1134 572 specialiter
1159 486 1434 561 dilectus.
1499 487 1514 498 '

1589 577 1684 636 Ex
1710 572 2071 655 cap⁰.16‘’.

891 666 1112 747 Neque
1137 662 1349 746 aliquis
1381 662 1648 736 miretur,
1695 662 1918 744 quod
1904 684 1963 724 m
1994 663 2201 727 eadem
2229 660 2419 726 insula
2448 661 2861 738 Lindifarnea,

806 772 948 815 cum
981 751 1321 834 permodica
1349 749 1442 824 fit,
1488 751 1546 811 8(
1576 746 1751 832 supra
1779 747 2055 832 episcopi,
2103 751 2161 812 &
2189 771 2346 815 nunc
2376 753 2607 816 abbatis
2636 753 2696 814 8(
2723 773 2859 814 mo-

807 840 1140 902 nachorum
1177 853 1205 884 a
1237 837 1351 900 effe
1391 835 1625 898 locum'‘
1670 838 2019 901 dixerimus.
2110 841 2203 904 Re
2251 859 2385 902 vera
2426 844 2581 902 enim
2629 845 2709 902 ita
2747 838 2855 901 est.

806 929 1089 1009 Namque
1121 946 1238 988 una
1260 925 1588 1008 eademque
1611 921 1915 987 servorum
1938 925 2030 988 dei
2064 926 2353 990 habitatio
2375 926 2656 1010 utrosque
2684 928 2859 990 simul

809 1028 989 1089 tenet,
1022 1015 1137 1076 &c.
1213 1017 1359 1097 Qo
1390 1014 1572 1075 modo
1602 1010 1858 1095 episcopi
1890 1011 2333 1078 Lindisfarnen:
2368 1017 2641 1078 monachi
2672 1031 2858 1089 erant,

808 1104 873 1164 8(
922 1101 1331 1166 monachicam
1373 1122 1512 1164 cum
1564 1100 1909 1164 diaconibus
1968 1102 2027 1162 8(
2072 1100 2298 1164 clericis
2347 1101 2462 1169 suis
2510 1104 2690 1166 vitam
2741 1104 2856 1174 du-

805 1190 1040 1254 cebant.

899 1281 1088 1342 Farne
1117 1278 1336 1341 dicitur
1379 1275 1567 1339 insula
1599 1277 1797 1338 medio
1826 1278 1885 1340 in
1914 1277 2062 1339 mari
2095 1275 2301 1359 pofita,
2350 1297 2486 1359 quae
2518 1299 2661 1354 non,
2710 1277 2858 1341 ficut

812 1364 1376 1429 Lindisfarnenssum
1428 1365 1753 1426 incolarum
1802 1367 1989 1447 regi0,
2052 1366 2144 1428 bis
2194 1365 2485 1446 quotidie,
2546 1367 2865 1430 accedente

811 1454 956 1516 aestu
984 1454 1214 1528 oceani,
1258 1474 1444 1534 quem
1471 1473 1674 1513 reuma
1703 1469 1918 1514 vocant
1938 1454 2157 1525 Graeci‚
2206 1452 2276 1512 fit
2306 1448 2511 1525 insula,
2560 1455 2649 1515 bis
2681 1473 2859 1516 renu-

811 1542 982 1615 datis,
1031 1540 1288 1602 abeunte
1338 1551 1623 1613 reumate,
1668 1539 1971 1601 littoribus
2012 1541 2295 1621 contigua
2348 1553 2515 1600 terrae
2560 1543 2861 1616 redditur,

811 1627 913 1692 sed
944 1630 1174 1707 aliquot
1201 1627 1441 1687 milibus
1474 1627 1740 1708 paffuum
1772 1628 1846 1688 ab
1877 1627 1987 1689 hac
2012 1623 2337 1688 semiinsula
2367 1625 2604 1704 distans,
2636 1647 2771 1710 quae
2800 1629 2863 1691 &

811 1715 955 1780 hinc
981 1713 1270 1792 akiffimn,
1316 1716 1376 1776 8(
1403 1713 1544 1786 ἰηάε,
1575 1714 1813 1777 infinito
1844 1715 2145 1776 clauditur
2171 1733 2421 1778 oceano·

1720 1802 1953 1866 Ibidem.
2172 1855 2177 1862 .

900 1892 1026 1976 Qi
1054 1890 1328 1954 videlicet
1362 1889 1529 1952 miles
1575 1889 1812 1964 Christi,
1858 1905 1945 1966 ut,
1994 1889 2225 1953 devifta
2272 1903 2663 1970 tyrannorum
2711 1892 2861 1967 acie,

811 1981 1178 2044 nonarchus
1226 1995 1411 2054 terrae,
1460 1998 1641 2060 quam
1671 1976 1913 2052 adierat,
1960 1976 2149 2040 fafitus
2198 1976 2301 2053 est,
2348 1979 2617 2040 condidit
2648 1979 2860 2040 civita·

816 2086 942 2132 tem
968 2065 1078 2131 suo
1121 2081 1325 2172 aptam
1365 2068 1636 2150 imperi0,
1685 2067 1744 2126 8(
1774 2066 1985 2127 domos
2024 2067 2083 2129 in
2117 2067 2225 2128 hac
2254 2086 2424 2149 aeque
2453 2067 2676 2128 civitati
2716 2087 2860 2126 con-

815 2175 995 2240 gruas
1037 2156 1243 2217 erexit.
1335 2152 1439 2216 Est
1484 2169 1680 2215 autern
1720 2154 2039 2216 aedificiutn
2086 2153 2198 2215 s1tu
2241 2175 2387 2238 pene
2427 2155 2773 2227 rotundum,
2824 2149 2860 2214 ὲ

814 2264 998 2305 muro
1015 2239 1200 2325 usque
1230 2241 1307 2304 ad·
1328 2261 1572 2303 murum
1596 2239 1861 2303 mensura
1884 2250 1998 2317 4⁰¹2
2032 2239 2235 2316 ferme,
2261 2242 2377 2303 five
2405 2242 2691 2323 quinque,
2730 2263 2863 2322 per·

815 2333 1072 2393 nicarum
1129 2329 1465 2403 distentum,
1529 2349 1733 2390 murus
1790 2327 1909 2410 ipse
1970 2328 2191 2392 deforis
2250 2328 2425 2390 altior
2483 2329 2867 2412 longitudine

741 2428 755 2441 ’
815 2417 1017 2483 stantis
1063 2418 1345 2483 hominis,
1434 2421 1593 2480 Nam
1641 2415 2096 2481 intrinsecusb
2083 2438 2265 2481 imam
2312 2415 2596 2479 caedendo
2648 2438 2861 2498 rupem

816 2508 1016 2570 multo
1044 2507 1214 2569 illum
1257 2504 1394 2572 fecit
1431 2506 1727 2607 altiorem,
1768 2522 2062 2587 quatenus
2102 2506 2173 2566 ad
2214 2504 2613 2567 cohibendam
2654 2507 2859 2567 oculo-

818 2616 956 2659 rum
987 2594 1164 2656 fimul
1211 2595 1270 2655 &
1309 2594 1738 2675 cogitationum
1784 2592 2096 2667 lasciviam,
2144 2592 2219 2653 ad
2260 2593 2603 2674 erIgendam
2654 2595 2716 2655 in
2766 2588 2860 2651 su-

816 2703 1000 2765 perna
1027 2680 1308 2743 desideria
1352 2695 1536 2743 totam
1565 2682 1783 2743 mentis
1812 2683 2225 2754 intentionem,
2274 2682 2408 2762 pius
2439 2681 2629 2742 incola
2674 2680 2755 2741 nil
2786 2677 2861 2739 de

726 2775 735 2783 '
814 2768 919 2833 sua
955 2768 1258 2831 mansione
1306 2784 1510 2851 praeter
1540 2768 1759 2830 coelum
1802 2768 1984 2851 posset
2017 2769 2255 2830 intueri.
2346 2771 2546 2853 Qem
2594 2766 2865 2829 videlicet

813 2878 1061 2919 murum
1102 2878 1220 2919 non
1258 2870 1280 2901 0
1314 2852 1471 2918 sesto
1516 2854 1736 2938 lapide,
1780 2856 1875 2916 vel
1928 2855 2123 2929 latere,
2171 2856 2229 2917 8(
2259 2874 2561 2928 caernentO,
2611 2852 2710 2916 sed
2754 2857 2864 2915 irn-

817 2947 1018 3027 politis
1049 2942 1284 3026 prorsus
1315 2943 1612 3025 lapidibus
1639 2945 1697 3006 &
1732 2942 1966 3027 cespite,
2015 2965 2200 3027 quem
2229 2942 2301 3005 de
2331 2936 2535 3004 medio
2560 2942 2676 3004 loci
2704 2941 2863 3004 fodi·

815 3031 974 3094 endo
1004 3033 1239 3106 tulerat,
1285 3028 1656 3113 composuit.-

518 3132 632 3197 τὰς.
662 3144 770 3191 145·
905 3122 1075 3180 Duas
1121 3122 1184 3180 in
1233 3118 1534 3181 mansione
1576 3119 1839 3183 habebat
1878 3118 2107 3193 domos,
2154 3118 2479 3181 oratorium
2525 3113 2756 3189 scilicet,
2804 3115 2865 3176 8(
2964 3162 2971 3171 .

816 3206 982 3268 aliud
1009 3206 1082 3269 ad
1112 3224 1456 3268 communes
1483 3204 1622 3269 usus
1653 3222 1858 3289 aptum
1904 3206 2353 3280 habitaculum3
2403 3224 2665 3288 quorum
2708 3204 2867 3284 pari-

813 3314 938 3357 etes
966 3294 1213 3376 quidem
1259 3295 1335 3356 de
1364 3294 1618 3356 naturali
1649 3310 1801 3357 terra
1830 3294 2085 3356 multum
2128 3297 2289 3355 intus
2291 3254 2502 3376 f’orisq
2504 3313 2579 3354 ue
2606 3292 2873 3351 circum*

811 3382 1102 3445 fodiendo
1149 3382 1265 3443 five
1336 3383 1604 3443 cedendo
1651 3380 1927 3443 confecit.
2030 3381 2309 3442 Culmina
2362 3401 2501 3443 vero
2550 3377 2628 3441 de
2684 3376 2869 3461 lignis

809 3468 1170 3533 informibus
1197 3470 1254 3532 8(
1276 3468 1440 3531 foeno
1466 3466 1854 3551 superposuit.
1933 3471 2118 3531 Porro
2148 3468 2223 3528 ad
2246 3483 2487 3550 portum
2511 3465 2713 3528 insulae
2736 3486 2860 3527 ma-

803 3559 904 3635 jor
943 3572 1064 3618 erat
1091 3558 1326 3632 domus,
1374 3560 1432 3617 in
1476 3578 1597 3638 qua
1629 3556 1922 3619 visitantes
1950 3577 2092 3617 eum
2136 3554 2343 3618 fratres
2374 3554 2580 3637 suscipi
2622 3555 2680 3616 &
2724 3556 2865 3635 qui-

806 3642 994 3705 escere
1042 3645 1286 3724 poss'ent.
1374 3648 1501 3708 Nec
1548 3646 1727 3736 longe
1767 3645 1843 3706 ab
1890 3664 1957 3705 ea
1986 3641 2119 3705 fons
2158 3644 2488 3707 eorundem
2516 3641 2726 3705 usibus
2764 3662 2871 3705 ac·‘

808 3731 1183 3795 commodus.

1593 3824 1694 3881 Ex
1739 3822 1895 3899 εαρῡ.
1936 3818 2069 3897 24⁰.

1607 3908 1757 3991 Qi,
1790 3904 2013 3969 ascensa
2041 3928 2177 3969 cum
2202 3903 2486 3968 fratribus
2516 3907 2667 3979 navi,
2700 3906 2877 3970 venit‘

1522 3994 1598 4055 ad
1633 3994 1901 4069 insulam,
1928 4015 2064 4078 quae
2094 3994 2368 4076 Coquedi
2401 3994 2509 4053 flu:
2545 3992 2693 4055 ostio
2720 4014 2865 4087 prae·

1513 4083 1733 4162 jacen-3,
1802 4083 1879 4145 ab
1936 4083 2146 4145 eodem
2204 4080 2431 4155 accepit
2502 4100 2861 4161 cognomen,

1522 4172 1580 4231 8(
1607 4168 1725 4253 ipsa
1752 4172 2143 4233 monachoru·
2138 4190 2189 4229 n
2216 4170 2477 4233 coetibus
2508 4166 2771 4248 insignis.

1093 4299 1126 4331 a
1157 4280 1231 4331 Ex
1253 4277 1446 4346 imprtff
1513 4278 1536 4329 b
1571 4279 1743 4330 Vivam
1766 4278 1830 4327 al.
1897 4293 1921 4327 c
1955 4281 2030 4339 De
2052 4279 2176 4328 seclo
2210 4279 2275 4328 al.
2442 4270 2450 4277 '
2632 4253 2867 4321 Ibidem·

560 3920 939 4016 Cuthbertus
955 3950 1316 4035 ‘Coquedam
1339 3970 1438 4011 ve·

479 4044 588 4115 nit,
637 4041 742 4102 ubi
779 4040 1118 4115 AElfledam,
1168 4037 1434 4122 Ecgfridi

477 4131 635 4215 regis
663 4125 942 4205 sprorem,
990 4128 1280 4194 convenit.
