3414 4866
665 164 2344 255 ANTtQJARu‚coLL-EeTA-NEA:
2509 244 2514 251 ,
2699 174 2832 277 232

568 310 641 370 In
681 303 892 386 majori
920 299 1158 365 ecclefia
1198 301 1271 363 ad
1302 314 1484 383 caput
1510 300 1858 365 venerandae
1879 303 2181 369 memoriae
2210 296 2536 367 Lanfranci
2563 299 2808 364 Sepultura

475 392 910 479 praedecefforis
938 386 1029 453 sui
1067 388 1391 452 honorifice
1427 384 1710 471 sepultus,
2445 442 2458 451 ‚
2561 365 2798 417 anselmi.

1354 502 1407 560 E
1434 498 1581 562 libro
1613 518 1697 583 5⁴,

414 682 421 689 ‚
576 607 639 669 Si
666 603 902 689 Anglus
930 616 1076 677 erat,
1125 590 1288 662 nulla
1316 599 1528 675 virtus,
1560 612 1629 661 ut
1651 599 1880 663 honore
1901 601 2110 686 aliquo
2137 600 2354 687 dignus
2377 598 2544 683 judtz·
2561 600 2712 667 Angli
2734 601 2767 651 at

420 770 429 777 ,
476 709 739 770 caretur,
786 712 927 755 eum
959 702 1193 774 poterat
1220 686 1521 769 adjuvare.
2563 670 2840 782 gama-111-

1349 797 1667 863 LelanduS.
2561 798 2749 863 tempti.

572 908 793 968 Narrat
836 901 913 964 de
940 899 1093 963 miro
1122 916 1419 982 aquarum
1444 896 1682 960 defestu
1725 900 1791 963 in
1818 900 2053 963 Tamefi
2097 921 2276 985 prope
2305 900 2538 963 Londi-

479 1010 656 1068 num,
704 996 767 1053 in
796 989 1169 1071 Medeuuege
1199 1007 1384 1068 prope
1414 983 1653 1064 Rosam,
1698 987 1756 1049 &
1785 988 1847 1048 in
1877 988 1984 1049 flu:
2033 990 2108 1051 de
2133 989 2535 1065 Gernemuth,

484 1084 547 1143 δε
578 1082 641 1144 in
669 1078 796 1140 aliis
829 1076 936 1138 flu:
972 1095 1075 1159 per
1106 1073 1403 1157 Angliam.

578 1164 880 1232 Defunsta
926 1162 1217 1246 liquidem
1256 1159 1342 1222 est
1388 1162 1550 1243 apud
1577 1159 2163 1227 westmonasterium
2201 1163 2328 1226 Cal:
2361 1165 2533 1242 Maii,
2561 1161 2734 1211 Obitus
2762 1161 2812 1211 8<

487 1256 551 1319 ει
583 1249 804 1336 inipso
832 1249 1181 1329 monasterio·
1204 1249 1479 1311 decenter
1514 1248 1760 1331 sepulta.
2133 1304 2142 1317 ,
2383 1292 2400 1315 .,
2558 1226 2811 1339 {5533ng

1496 1345 1501 1351 .
2815 1328 2834 1351 ‚

529 1370 586 1428 E
603 1366 746 1427 libro
760 1361 822 1426 6.
840 1385 998 1447 quem
1017 1363 1131 1424 vix
1149 1358 1230 1423 ad
1245 1380 1543 1424 numerum
1561 1363 1803 1444 quinque
1810 1362 2173 1447 pagellarum
2183 1362 2490 1445 produxit.
2560 1355 2712 1433 Angl:
2737 1372 2811 1405 re-

580 1462 955 1545 Radulphus,
981 1448 1453 1541 archiepiscopus
1466 1460 1754 1523 Cautuar:
1769 1462 1918 1523 obiit
1940 1480 1961 1521 1
1977 1481 2010 1540 3
2023 1509 2036 1522 .
2051 1463 2186 1524 Cal:
2203 1450 2536 1526 Novembr:
2559 1438 2702 1488 gmae,

485 1553 553 1615 ὅτ
582 1554 644 1615 in
673 1552 868 1613 medio
896 1548 1045 1611 aulae
1077 1549 1317 1629 majoris
1345 1548 1601 1610 ecclefiae
1630 1548 1905 1610 decenter
1932 1546 2210 1631 sepultus,

529 1668 587 1727 E
605 1662 832 1747 prologo
856 1662 1092 1739 historice
1121 1656 1381 1732 Aluredi,
1414 1657 1767 1739 theyhzcrarii
1792 1660 2218 1745 Beverlacensts
2245 1662 2497 1747 ecclefiae.
2579 1666 2694 1731 Pag.
2723 1682 2836 1726 199·

580 1766 898 1853 Aggress'us
928 1762 1057 1825 sum
1090 1764 1291 1844 itaque
1316 1762 1601 1836 laborem,
1642 1763 1796 1825 mihi
1823 1765 2068 1847 quidem
2097 1766 2420 1842 difficilem,
2449 1766 2538 1835 fa.-

489 1852 740 1919 stidiofis
776 1852 1014 1916 fortasse
1053 1848 1481 1931 despicabilem,
1527 1846 1625 1911 sed
1658 1848 1936 1926 studioso,
1983 1869 2052 1915 ut
2096 1875 2253 1926 reor,
2298 1876 2419 1918 non
2446 1858 2536 1919 in-

488 1942 717 2007 utilem.
804 1942 991 2023 Qia,
1031 1960 1172 2021 quae
1202 1934 1445 2019 sparsim
1472 1938 1534 1999 in
1565 1938 1956 2018 plurimorum
1977 1940 2258 2023 leguntur
2285 1940 2534 2026 scriptiS,

491 2029 527 2092 Ξι
554 2033 742 2115 prima
787 2026 1150 2090 habitatione
1178 2027 1490 2087 Britanniae
1520 2022 1709 2107 usque
1754 2027 1831 2087 ad
1858 2030 2344 2093 Normannorum
2386 2046 2538 2092 tem-

490 2140 655 2201 pora,
704 2136 811 2198 per
842 2134 1026 2177 annos
1070 2112 1319 2194 amplius
1348 2132 1531 2195 quam
1561 2113 1687 2175 duo
1717 2113 1926 2191 millia,
1971 2116 2031 2176 in
2072 2116 2186 2177 hoc
2224 2114 2534 2199 opusculo,

487 2204 658 2289 quafi
705 2208 767 2266 in
816 2204 979 2265 brevi
1023 2201 1259 2275 tabella,
1306 2198 1562 2282 depicia,
1625 2198 1915 2263 studiosus
1964 2202 2150 2265 lector
2200 2201 2534 2287 agnoscere,

484 2296 553 2372 .&
583 2287 953 2355 diversorum
982 2302 1325 2371 temporum
1351 2286 1528 2369 gesta,
1574 2286 1828 2353 lectione
1849 2290 2214 2371 capitulatim
2241 2291 2534 2370 distincta,
2635 2300 2642 2307 '

492 2380 715 2465 poterit
760 2377 1040 2444 invenire.
1132 2375 1453 2439 Lelaudus,
1542 2380 1748 2460 Atque
1793 2374 1894 2441 hic
1943 2377 2195 2462 quidem
2233 2378 2371 2442 finis
2399 2380 2536 2466 pro-

490 2471 617 2554 logi
647 2483 795 2531 erat.

580 2554 803 2619 Civitas
836 2568 1095 2637 apparet,
1143 2574 1285 2636 quae
1315 2552 1530 2614 dicitur
1558 2553 1774 2615 Portus
1804 2556 2059 2636 Rutupi.
2555 2580 2724 2647 [sand-

578 2646 727 2706 Man
774 2663 936 2718 ver0,
981 2643 1073 2702 vel
1102 2642 1467 2714 Euboniam,
1516 2639 1632 2702 five
1676 2644 1974 2704 Mevanias
2017 2641 2252 2718 Insulas,
2299 2663 2437 2727 quae
2477 2645 2539 2708 in
2555 2646 2720 2712 wicta}

493 2729 783 2795 umbilico
811 2731 989 2792 maris
1020 2731 1170 2790 inter
1203 2728 1544 2792 Hiberniam
1574 2727 1631 2789 &
1670 2731 2036 2792 Britanniam
2064 2729 2364 2806 sitaesunt,
2413 2733 2536 2794 Ed-

495 2821 706 2893 winus,
754 2819 982 2900 primus
1027 2816 1582 2884 Northumbrorum
1618 2835 1729 2878 rex
1766 2815 2153 2897 ChristianuS,
2198 2822 2539 2904 Anglorum

496 2903 1072 2986 subjecitimperiO..
1214 2960 1223 2971 .

584 2993 937 3076 Antiquitus
982 2994 1044 3055 in
1084 2990 1401 3076 proverbio
1430 2989 1761 3069 dicebatur,
1807 2994 2054 3078 quando
2097 2993 2170 3058 de
2196 2994 2432 3079 regibus
2475 2997 2540 3058 8c

510 3149 513 3156 ,
595 3114 601 3122 “
1991 3101 2009 3147 i

487 3171 795 3254 judicibus
824 3171 1141 3234 Britanniae
1171 3166 1360 3232 sermo
1387 3168 1569 3232 fiebat
1592 3193 1609 3228 e
1660 3174 1703 3204 “
1735 3167 2050 3247 Judicabat
2077 3168 2378 3232 Britannia
2395 3187 2536 3232 cum

496 3267 541 3297 “
574 3261 762 3324 tribus
791 3256 1051 3322 insuli8.'’
2145 3317 2152 3324 .
2567 3321 2572 3326 ,

582 3349 874 3412 Hetichus
919 3341 1307 3428 philosophus
1346 3359 1585 3430 gentem
1630 3343 2028 3429 Britannicam
2056 3343 2541 3424 imperitiffimam
2578 3398 2588 3406 .

497 3436 832 3520 appellavit,
880 3435 1141 3496 horroris
1186 3434 1376 3507 nimii,
1425 3428 1709 3500 sectantes
1738 3447 1892 3493 artes
1931 3430 2148 3494 multas
2193 3451 2270 3492 ex
2300 3432 2542 3513 ingenio

499 3525 785 3586 maxime.
878 3527 1207 3584 Terrarum
1227 3520 1465 3582 metalla
1491 3520 1573 3583 ibi
1604 3518 1853 3582 inveniri
1875 3533 2087 3591 narrat,
2111 3516 2260 3592 auri,
2291 3518 2537 3601 argenti,

500 3612 837 3683 aurichalci,
884 3607 1064 3670 stanni
1102 3607 1578 3689 magnitudinem
1606 3629 1675 3668 ac
1704 3605 1868 3680 ferri,
1913 3600 2238 3688 multasque
2266 3606 2405 3668 alias
2433 3605 2542 3667 ad·

499 3700 886 3772 inventioneS,
932 3717 1073 3779 quae
1103 3691 1529 3778 investigabiles
1557 3693 1694 3758 sunt
1723 3691 1849 3756 aliis
1875 3693 2175 3777 gentibus·
2201 3767 2210 3774 ,

958 3861 987 3876 a
1358 3807 1675 3870 LelanduS.

584 3910 847 3971 Nomina
887 3909 1213 3980 civitatum,
1260 3925 1395 3988 quae
1447 3907 1752 3969 Aluredus
1800 3905 2132 3969 Britannice
2177 3908 2342 3990 citat,
2395 3907 2546 3970 adeo

502 3993 830 4077 conspirant
876 4017 1013 4058 curn
1062 3995 1335 4076 catalogo
1384 3994 1621 4056 Henrici
1667 3992 2232 4077 Huntingdunenfis,
2292 4010 2359 4056 ut
2397 3999 2545 4058 veri-

504 4082 690 4146 fimile
719 4082 807 4156 fit,
854 4084 1176 4146 Henricum
1206 4083 1283 4143 ab
1312 4082 1583 4144 Aluredo
1604 4099 1828 4154 mutuo
1859 4080 2176 4162 sumpfiffe.

589 4171 875 4236 Addituru
902 4173 991 4232 his
1037 4171 1094 4232 &
1137 4167 1339 4232 nostro
1381 4185 1642 4250 tempore
1686 4168 1846 4232 sexta
1889 4172 2074 4244 natiO,
2119 4170 2180 4230 id
2221 4169 2324 4243 est,
2373 4170 2543 4234 Flan-

502 4255 758 4337 drenses,
805 4259 912 4343 qui
956 4259 1031 4323 de
1070 4261 1263 4346 patria
1300 4255 1403 4324 sua
1429 4257 1742 4335 venientes,
1788 4259 1850 4320 iu
1887 4259 2127 4344 regione
2170 4258 2432 4331 Mauros,
2481 4261 2545 4321 in

2079 4343 2090 4350 '
2292 4345 2552 4410 confinio
