3414 4866
531 178 659 265 298
1002 125 1011 134 ’
1152 159 2528 271 3οΑΝΝιειιΕιΑΝοι

829 312 1042 385 portus
1065 294 1147 360 est
1177 296 1238 361 in
1270 296 1547 360 orientali
1574 311 1748 381 parte
1773 297 1956 371 Kent,
1993 295 2176 376 juxta
2205 315 2490 380 magnum
2521 315 2762 364 nemus
2809 300 2994 376 Ari-

831 386 1185 471 dredessege,
1202 385 1372 469 quod
1396 404 1565 450 cxx.
1586 381 1774 446 millia
1791 384 1852 445 in
1865 382 2270 468 longitudine,
2295 403 2476 450 xxx·
2501 388 2562 449 in
2578 387 2996 450 latitudine

562 479 849 568 Apledre.
1550 471 1833 538 continet.
1939 471 2164 556 Egressi
2233 493 2373 538 vero
2428 472 2988 540 construxerunt

564 570 817 634 Awldre
834 561 1106 640 castrum,
1119 563 1260 626 alias
1274 564 1325 626 A
1330 561 1463 646 pul

500 659 672 734 dran,
720 659 784 720 in
814 651 1076 727 historia,
1126 673 1159 712 a
1197 649 1465 734 quodam
1551 647 1804 715 castrum
1833 650 1997 734 apud
2031 599 2288 719 Αιιΐάιε.

502 745 732 813 Alfredi
755 742 913 829 regis
932 739 1205 804 familiari
1226 735 1464 822 scripta.
1640 737 1872 804 Alfredi
1901 740 2056 823 regis
2087 760 2245 804 anno
2275 760 2310 806 2
2320 752 2412 824 30
2463 743 2640 818 Daci,
2695 743 2840 826 qni
2887 763 2972 806 e-

1535 842 1686 890 rant
1729 829 1791 890 in
1833 826 2222 914 Legecestria‚
2269 832 2500 893 iverunt
2528 831 2778 894 circum
2813 849 2968 914 per

760 954 765 960 ·
836 915 1180 983 Nortwales
1221 914 1281 976 &
1310 911 1724 978 Northumbre
1765 915 1843 977 ad
1885 915 2194 1000 Merefige,
2243 915 2500 981 insulam
2527 916 2814 994 Estsexe,
2875 922 2958 982 δε

780 1037 789 1044 ·
841 1005 1011 1092 post
996 1025 1059 1067 ιιι
1079 1003 1294 1085 hyeme
1316 1016 1622 1066 traxerunt
1644 1023 1878 1106 puppes
1894 999 2024 1066 suas
2043 1024 2149 1108 per
2169 1005 2504 1069 Tamesim·
2488 1028 2552 1069 m
2573 1006 2694 1068 flu.
2729 1007 2944 1072 Luie.

542 1107 657 1172 Pag.
680 1111 794 1164 256.
842 1133 847 1138 -
928 1098 1110 1156 Anno
1134 1111 1273 1154 vero
1298 1087 1577 1174 sequente
1606 1094 1919 1165 exercitus,
1953 1095 2061 1195 qui
2099 1108 2227 1154 erat
2258 1095 2320 1156 in
2348 1075 2524 1170 L'uie,
2555 1092 2708 1156 fecit
2731 1096 2948 1175 juxta

839 1181 1001 1246 idem
1030 1179 1136 1242 flu:
1167 1178 1422 1243 castrum
1452 1180 1770 1262 quoddam
1796 1180 2003 1262 viginti
2032 1179 2352 1243 millibus
2325 1203 2362 1242 a
2383 1183 2735 1246 Londonia.

927 1271 1233 1332 Venerunt
1282 1267 1467 1352 igitur
1515 1264 1958 1334 Londonienses
2002 1267 2080 1331 ad
2121 1267 2375 1332 castrum
2424 1269 2599 1344 illud,
2645 1273 2718 1331 8c
2773 1291 2939 1334 cum

841 1359 1026 1422 Dacis
1067 1371 1425 1439 pugnantes,
1469 1373 1728 1438 quatuor
1767 1375 1842 1416 ex
1885 1355 2138 1420 ducibus
2169 1375 2376 1422 eorum
2419 1358 2818 1436 occiderunt,
2875 1361 2940 1422 &

839 1446 1197 1508 vidioriam
1185 1463 1247 1505 ιιι
1289 1457 1559 1526 tempore
1604 1457 1908 1527 oportuno
1938 1443 2104 1506 dedis
2145 1441 2261 1509 suis
2304 1443 2580 1508 dominus
2624 1443 2934 1530 omnipo-

841 1550 995 1611 tens,
1088 1534 1247 1598 Cum
1273 1552 1420 1616 ergo
1446 1531 1726 1615 fugissent
1761 1531 1912 1595 Daci
1941 1531 2017 1593 ad
2046 1530 2321 1610 castrum,
2367 1529 2510 1596 fecit
2539 1553 2648 1598 rex
2681 1537 2933 1620 aquam

960 1656 979 1687 l

847 1710 1021 1787 Luye
1048 1703 1247 1768 findi
1230 1725 1292 1767 m
1323 1703 1435 1768 tria
1460 1702 1728 1780 brachia,
1775 1725 1849 1767 ne
1877 1724 2109 1789 puppes
2142 1702 2274 1769 suas
2323 1727 2428 1789 per
2455 1727 2585 1770 eam
2613 1707 2932 1770 reducere

848 1794 1101 1879 pollent.
1190 1791 1379 1878 Qod
1427 1794 1577 1855 Daci
1625 1794 2072 1876 comperienteS‚
2121 1794 2340 1858 relictis
2392 1796 2716 1878 puppibus,
2775 1816 2927 1877 per-

848 1896 1134 1946 rexerunt
1163 1881 1241 1943 ad
1275 1881 1635 1966 Qatbruge
1668 1881 1848 1962 juxta
1877 1883 2214 1957 Savernam,
2260 1881 2318 1944 ὅτ,
2351 1883 2434 1945 ibi
2463 1881 2715 1945 castrum
2746 1882 2925 1946 fece-

848 1986 995 2036 runt
1014 1969 1071 2033 &
1096 1970 1543 2054 hyemaverunt,
1574 1969 2004 2033 commendatis
2028 1969 2318 2034 uxoribus
2336 1968 2454 2034 suis
2478 1972 2544 2033 in
2565 1969 2869 2054 Estangle.

1883 2091 1936 2124 er

849 2149 988 2210 Rex
1013 2165 1153 2210 vero
1181 2164 1324 2208 cum
1352 2144 1516 2206 omni
1544 2144 1808 2208 exercitu
1841 2140 2187 2226 prosecutus
2226 2143 2310 2208 est
2337 2166 2460 2210 eos.

935 2237 1041 2295 At
1068 2227 1513 2295 Londonienses
1564 2251 1794 2314 puppes
1828 2236 2132 2296 Dacorum
2185 2233 2438 2311 relictas,
2495 2229 2786 2319 quasdam
2829 2231 2912 2296 ad

850 2319 1231 2386 Londoniam
1260 2319 1591 2394 duxerunt,
1636 2315 1922 2402 quasdam
1949 2321 2416 2386 combusserunt.

524 2416 714 2469 Alfredi
941 2405 1225 2473 Alfi-edus
1250 2427 1357 2471 rex
1376 2427 1514 2471 cum
1544 2407 1829 2491 regnasset
1849 2418 2157 2474 xxv1110.
2185 2412 2349 2473 annis
2375 2411 2434 2473 &
2462 2406 2714 2473 dimidio
2731 2407 2906 2492 super

523 2484 699 2535 laudes.
854 2514 1047 2569 totam
1076 2495 1376 2579 Angliam,
1410 2498 1625 2579 praeter
1653 2497 1784 2559 illas
1813 2511 2028 2579 partes,
2059 2518 2199 2581 quae
2229 2484 2479 2562 subditae
2508 2512 2674 2561 erant
2705 2501 2904 2574 Dacis,

854 2587 1065 2651 mortis
1111 2582 1281 2647 sensit
1332 2584 1624 2658 aculeum,
1694 2582 1773 2647 de
1813 2585 1983 2665 cujus
2031 2587 2321 2670 regimine
2361 2583 2658 2649 laborioso
2703 2586 2758 2648 &
2803 2586 2902 2651 in-

854 2672 1184 2739 extricabili
1210 2673 1517 2735 vexatione
1545 2670 1805 2735 verfifice
1835 2671 2114 2755 proloqui
2145 2674 2402 2757 dignum
2431 2674 2746 2771 duximus,

1029 2757 1329 2825 Nobilitas
1359 2760 1558 2821 innata
1589 2761 1700 2822 tibi
1732 2758 2044 2843 probitatis
2073 2762 2362 2834 honorem

1036 2846 1445 2929 (Armipotens
1476 2844 1750 2929 Alfrede)
1797 2846 2005 2923 dedit;
2052 2840 2436 2952 probitasque
2461 2847 2772 2913 laborem·

1028 2937 1519 3018 Perpetuumque
1548 2933 1719 2997 labor
1749 2955 1989 3007 nomen,
2037 2938 2135 2999 cui
2166 2937 2359 2999 mixta
2387 2936 2583 3000 dolori

1032 3021 1277 3087 Gaudia
1302 3017 1526 3106 semper
1554 3037 1745 3099 erant,
1793 3019 1925 3105 spes
1951 3020 2177 3109 semper
2205 3026 2398 3087 mixta
2421 3026 2648 3089 timori.

2401 3144 2455 3177 1⁰8.

1038 3197 1105 3261 Si
1133 3196 1316 3260 modo
1344 3194 1535 3270 victor
1562 3218 1712 3273 era3‚
1759 3196 1834 3259 ad
1866 3195 2105 3261 crastina
2134 3194 2293 3259 bella
2319 3195 2599 3279 pavebas.

1042 3286 1106 3347 Si
1139 3285 1324 3346 modo
1346 3285 1538 3347 vieius
1577 3306 1724 3360 eraS,
1768 3285 1843 3347 ad
1875 3284 2125 3347 crastina
2156 3283 2310 3346 bella
2339 3284 2610 3367 parabas.

1040 3373 1159 3435 Cui
1188 3370 1371 3434 vestes
1399 3369 1653 3435 sudore
1629 3374 1784 3459 jugi,
1832 3375 1930 3435 cui
1959 3372 2074 3435 fica
2099 3391 2315 3434 cruore

1038 3458 1317 3523 Tinsta
1291 3462 1448 3543 jugi,
1494 3475 1786 3543 quantum
1816 3459 1890 3521 fit
1920 3475 1947 3505 α
1977 3478 2129 3521 onus
2160 3479 2422 3543 regnare,
2470 3460 2812 3544 probarunt.

1040 3550 1181 3610 Non
1209 3544 1328 3609 fuit
1359 3547 1603 3611 inmensi
1632 3545 1946 3630 quisquam
1982 3567 2086 3628 per
2116 3547 2350 3609 climata
2378 3550 2614 3625 mundi,

1044 3633 1163 3695 Cui
1193 3649 1283 3697 tot
1310 3637 1372 3697 in
1401 3634 1650 3697 adversis
1677 3633 1772 3697 vel
1800 3631 2084 3715 respirare
2113 3633 2333 3698 liceret.

1048 3724 1180 3784 Nec
1210 3738 1403 3785 tamen
1429 3739 1534 3785 aut
1561 3722 1726 3785 ferro
1753 3724 2048 3785 contritus
2078 3742 2294 3805 ponere
2319 3720 2568 3800 ferrum,

1934 3817 1981 3867 ss.

1046 3886 1177 3949 Aut
1203 3885 1408 3971 gladio
1436 3888 1635 3971 potuit
1662 3887 1798 3948 vitae
1827 3886 2002 3950 finire
2031 3885 2288 3952 dolores.

2157 3991 2359 4053 labores,

1047 4064 1183 4143 Jam
1215 4058 1345 4144 post
1372 4058 1611 4123 exafios
1642 4059 1778 4121 vitae
1790 4060 2110 4163 regnique
2139 4061 2394 4135 dolores,

1049 4149 1321 4213 Christus
1350 4149 1403 4213 ei
1434 4146 1505 4209 fit
1531 4168 1667 4210 vera
1700 4149 1895 4233 quieS,
1941 4144 2355 4233 sceptrumque
2384 4146 2700 4253 perhenne.

938 4308 967 4339 a
1002 4292 1173 4341 Honos
1195 4292 1316 4342 MS.
1358 4292 1465 4341 Vide
1484 4300 1635 4341 autem
1656 4292 1758 4359 quid
1777 4292 1829 4341 de
1847 4290 1958 4358 hisce
1977 4292 2176 4361 verfibus
2195 4292 2562 4360 observaverim
2545 4311 2593 4345 m
2609 4294 2722 4346 notis
2732 4290 2880 4361 adpag.

876 4370 991 4417 ²¹7·
1032 4358 1137 4411 Vita
1161 4358 1511 4427 Spelmannianae
1534 4357 1741 4425 AElfrcdi
1759 4360 1930 4427 magni.
2569 4402 2582 4413 ,
