3414 4866
544 147 681 230 νδ

1190 144 2550 224 JOANNISLELANDI

474 281 720 334 wikam.
828 298 969 347 eum
998 274 1075 338 ad
1104 275 1223 338 hoc
1255 279 1337 339 D.
1372 276 1521 338 Gul.
1552 275 1866 351 Wikham,
1913 295 2096 360 quem
2139 295 2250 338 rex
2278 276 2352 338 de
2383 296 2650 358 paupere
2680 275 2903 342 clerico

536 991 653 1059 rag.
684 1008 793 1057 332.

832 368 1124 429 assumens
1150 361 1459 427 constituit
1486 359 1908 445 supervisorem
1939 385 2192 446 operum
2221 360 2488 426 suorum.

866 493 878 510 „-
918 457 1099 516 Anno
1130 454 1314 532 1361.
1363 449 1724 525 Edwardus,
1759 452 2027 533 princeps
2053 451 2306 526 Walliae,
2339 452 2558 515 duxit’
2544 473 2606 514 m
2639 472 2910 518 uxorem

832 541 1175 606 comitiffam
1224 542 1471 615 Cantiae,
1518 537 1796 600 relictam
1841 542 1922 603 D.
1957 539 2216 600 Thomae
2267 540 2532 616 Holand,
2579 561 2716 624 quae
2753 541 2908 604 olim

833 629 1099 714 separata
1125 625 1244 689 fuit
1273 626 1306 688 ὲ
1339 628 1559 690 comite
1592 629 1806 688 Sarum
1835 628 2022 690 caussa
2053 627 2198 689 dieti
2229 625 2462 691 militis.
2835 651 2844 662 ’

927 717 1159 779 Eodem
1190 734 1346 778 anno
1378 720 1459 777 D.
1494 719 1750 795 joannes
1790 715 1864 776 de
1903 719 2132 786 Gaum,
2182 715 2342 776 filius
2371 716 2546 798 regiS,
2596 714 2782 778 fastus
2812 715 2906 778 est

780 794 786 801 ¹
838 806 969 870 dux
1001 801 1351 867 Lancastriae
1382 805 1609 864 ratione
1652 805 1860 864 uxoris
1899 801 2036 880 suae,
2086 802 2222 864 filiae
2271 805 2331 866 δε
2366 804 2600 868 heredis
2641 807 2902 881 Henrici,

838 892 1156 980 quondam
1184 889 1351 954 ducis
1383 888 1763 952 Lancastriae.

926 985 1171 1043 “Anno
1209 994 1283 1062 13
1294 999 1393 1061 59
1442 981 1772 1041 Normanni
1820 999 1960 1042 cum
2000 977 2240 1042 modica
2284 978 2455 1042 claffe
2489 959 2780 1062 Angliam
2820 999 2902 1062 ap

504 1157 791 1224 Winchelsy
795 1193 1126 1222 ......
1172 1151 1515 1220 Winchelse
1557 1153 1768 1216 Idibus
1802 1157 1982 1216 Mart.
2014 1154 2402 1238 appulerunt,
2419 1151 2759 1237 ipsamque
2790 1153 2902 1217 vil-

505 2492 726 2543 Leonelli

504 2576 655 2609 mots.

505 3013 671 3063 Hake-

505 3078 686 3129 wodde.

506 3264 681 3327 Papam
712 3262 800 3311 sci·

506 3327 635 3385 licet,
659 3328 708 3376 &
732 3328 819 3375 du-

508 3394 790 3451 cemMedic

507 3458 764 3511 huensem.
814 3512 817 3519 ,

834 1247 957 1310 lam
989 1246 1051 1306 in
1097 1289 1380 1309 .....
1426 1258 1590 1319 runt,
1619 1239 1914 1325 quosdam
1935 1243 2308 1318 occiderunt,
2341 1245 2400 1306 8<
2431 1265 2510 1306 ex
2539 1261 2708 1328 parte
2734 1265 2899 1306 com-

836 1333 1174 1399 bufferunt.

925 1425 1106 1484 Anno
1144 1439 1167 1480 1
1186 1419 1269 1501 36
1277 1436 1336 1500 5.
1390 1433 1565 1481 natus
1594 1415 1677 1480 est
1706 1417 2032 1492 Edwardo,
2081 1418 2330 1501 principi
2361 1418 2594 1481 Walliiae
2622 1419 2681 1482 &
2707 1421 2900 1502 Aqui-

840 1511 1037 1658 }ianiae,
1069 1507 1229 1570 filius
1259 1505 1592 1570 Edwardus
1622 1519 1888 1582 vocatuS,
1937 1511 2045 1590 qui
2079 1529 2138 1584 7.
2169 1509 2357 1568 aetatis
2386 1503 2504 1568 suae
2523 1527 2688 1570 anno
2714 1509 2904 1570 vitam

887 1599 1056 1660 nivit.

932 1683 1170 1746 Eodem
1198 1702 1353 1744 anno
1383 1685 1466 1745 D.
1512 1681 1588 1744 de
1618 1678 1868 1762 Cowsey
1891 1679 2106 1743 Gallus
2140 1681 2304 1766 apud
2331 1678 2685 1746 Windesore
2721 1683 2903 1748 duxit

838 1771 902 1835 in
934 1791 1188 1834 uxorem
1211 1768 1539 1844 Isabellam‚
1588 1768 1771 1832 filiam
1802 1772 1952 1850 regis
1984 1771 2165 1852 Angl.
2335 1794 2340 1802 ’

926 1863 1111 1922 Anno
1139 1863 1223 1920 D.
1260 1861 1449 1940 1366.
1498 1855 1842 1941 Burdegalis
1871 1874 2044 1920 natus
2075 1859 2157 1920 est
2189 1856 2497 1920 Edwardo
2529 1859 2784 1941 principi
2817 1855 2906 1922 se·
2991 1849 3003 1864 ’

840 1947 1077 2010 cundus
1104 1947 1264 2009 filius
1293 1945 1433 2010 suus
1462 1946 1822 2019 RicharduS,
1870 1966 2049 2028 quem
2082 1947 2440 2022 Richardu3‚
2487 1967 2596 2009 rex
2623 1949 2902 2010 Armori-

838 2055 1073 2111 corum,
1122 2036 1198 2097 de
1226 2033 1385 2097 sacro
1411 2033 1579 2096 fonte
1608 2031 1847 2096 levavit.

924 2128 1110 2186 Anno
1134 2144 1173 2186 ἰ
1188 2125 1335 2204 369.
1384 2118 1576 2184 mense
1598 2119 1794 2204 Aprili
1822 2118 2165 2196 Leonellus,
2211 2121 2373 2184 filius
2400 2122 2559 2204 regis
2584 2121 2900 2200 Edwardi,

835 2211 893 2274 &
940 2213 1069 2274 dux
1114 2209 1451 2285 Clarentiae‚
1498 2230 1637 2272 cum
1683 2208 1870 2271 electa
1917 2209 2306 2272 multitudine
2358 2207 2660 2272 nobilium
2705 2211 2890 2293 Angl.

835 2299 1103 2361 transivit
1146 2297 1345 2369 versus
1376 2297 1791 2363 Mediolanum
1819 2297 1894 2358 ad
1935 2295 2282 2362 ducendum
2323 2297 2508 2359 filiam
2540 2297 2789 2360 Galeatii
2830 2297 2900 2359 in

833 2388 1180 2473 conjugem,
1228 2407 1366 2449 cum
1409 2405 1531 2469 qua
1574 2385 1824 2449 haberet
1867 2384 2250 2448 medietatem
2297 2383 2554 2449 dominii
2601 2385 2893 2450 Mediola-

838 2474 1048 2538 nenfis,
1145 2475 1425 2538 Tandem
1462 2475 1852 2537 matrimonio
1899 2475 2050 2535 inter
2101 2494 2204 2535 eos
2259 2470 2513 2555 gloriose
2571 2474 2891 2549 celebratO,

837 2560 959 2645 ipse
1008 2562 1136 2627 dux
1182 2564 1337 2626 circa
1377 2559 1593 2625 festum
1633 2560 1957 2623 nativitatis
1993 2562 2182 2623 beatae
2229 2561 2437 2623 Mariae
2477 2560 2636 2624 diem
2685 2560 2898 2625 clausit

838 2666 1197 2713 extremum.

921 2736 947 2785 b
986 2742 1167 2803 Anno
1205 2756 1392 2861 1373..
1443 2736 1647 2821 regina
1674 2736 1934 2821 Angliae,
1979 2736 2193 2799 mulier
2238 2734 2494 2801 nobiliis.
2541 2735 2712 2813 obiit,
2757 2756 2898 2822 quae

837 2912 999 2997 apud
1030 2910 1627 2975 westmonasterium
1654 2910 1895 2975 honeste
1925 2912 2232 2976 humatur.

924 3002 1176 3063 Circiter
1193 3002 1327 3063 haec
1354 3018 1617 3083 tempora
1640 2998 1848 3063 floruit
1868 2998 2128 3063 famosus
2159 2998 2325 3062 miles
2343 2998 2508 3085 Angl
2539 3047 2558 3065 .
2607 3048 2623 3065 .
2675 3048 2692 3067 .
2741 3048 2758 3065 .
2789 3004 2896 3081 Jo-

809 3094 1017 3151 'annes
1067 3088 1515 3163 Haukewoode,
1586 3088 1809 3151 habens
1852 3086 2048 3150 secum
2091 3088 2253 3149 illam
2305 3090 2504 3150 albam
2551 3088 2897 3153 comitivam

838 3174 1115 3259 superius
1138 3178 1521 3249 nominatam,
1552 3196 1688 3259 quae
1720 3198 1878 3239 nunc
1906 3192 2114 3239 contra
2133 3175 2462 3253 ecclesiam,
2501 3198 2660 3239 nunc
2679 3169 2895 3241 'contra

841 3262 1118 3347 praefatos
1150 3264 1421 3327 dominos
1450 3263 1602 3326 bella
1630 3260 1893 3340 fovebat,
1942 3262 2131 3325 multa
2160 3266 2220 3325 8c
2239 3284 2452 3348 magna
2482 3260 2570 3326 ibi
2597 3266 2894 3331 mirabilia

798 3367 1127 3435 operatus
1146 3348 1232 3413 est
1270 3372 1410 3415 cum
1439 3348 1577 3413 suis.

926 3442 1104 3503 Anno
1142 3458 1331 3521 1372.
1380 3442 1599 3501 Comes
1654 3436 2056 3510 Penbmchiae,
2103 3438 2450 3520 capitaneus
2495 3438 2682 3501 claffis
2707 3438 2891 3523 Angl.

838 3543 1046 3610 captus
1068 3548 1211 3591 cum
1240 3526 1442 3610 multia
1465 3522 1811 3588 nobilibus
1785 3546 1818 3585 a
1845 3524 2011 3588 classe
2033 3524 2385 3609 Hispanica
2371 3548 2429 3588 m
2459 3550 2476 3589 1
2459 3526 2598 3613 plis
2622 3527 2900 3592 faucibus

836 3630 1051 3701 portus
1081 3614 1498 3699 Rupellarum.

924 3707 1107 3765 Anno
1144 3720 1329 3787 1375
1380 3704 1589 3763 Simon
1611 3699 1877 3782 Sudbyri
1907 3702 2220 3765 transsatus
2251 3700 2326 3765 ab
2357 3698 2696 3788 episcopatu
2729 3704 2900 3767 Lon-

839 3791 989 3859 don:
1026 3791 1103 3853 ad
1136 3794 1421 3853 Cantuar:

925 3878 1118 3941 Alicia
1146 3880 1379 3953 Porres‚
1426 3874 1762 3941 concubina
1789 3874 2076 3939 Edwardi
2106 3898 2167 3959 3.

929 3970 1143 4031 Petrus
1172 3966 1327 4029 dela
1350 3968 1539 4039 Mare,
1572 3962 1803 4027 delator
1823 3962 2167 4029 facinorum
2189 3964 2394 4029 Aliciae
2425 3964 2656 4042 Fortes,
2681 3965 2899 4029 carceri

838 4054 901 4117 in
929 4055 1303 4139 Notingham
1341 4054 1688 4135 deputatur.

924 4148 1105 4207 Anno
1142 4160 1331 4225 1375·
1372 4142 1523 4204 obiit
1556 4139 1896 4205 Edwardus
1926 4140 1984 4204 le
2013 4138 2345 4224 Dispenser,
2378 4140 2550 4204 miles
2580 4139 2807 4225 probus
2827 4136 2897 4201 8:

1144 4266 1299 4325 aSic,
1332 4264 1546 4332 cumfign
1550 4264 1778 4335 osubsl
1825 4256 2582 4335 Ἡιῖσεείαηισαωβςηοβιόο.

1462 4361 1496 4423 2
1745 4371 1760 4385 .
1890 4392 1897 4398 ,
2009 4404 2016 4409 ,
2690 4327 2896 4395 audax
