3414 4866
776 208 1471 317 ANTIQUA‘BH
1548 204 2402 272 COLLECTANEA.
2747 206 2922 293 ,379

558 341 759 418 audax
788 345 846 405 in
870 341 1059 406 castro
1083 339 1188 405 suo
1218 333 1293 430 de
1324 339 1575 415 Cairdif,
1624 342 1682 402 &
1715 341 1779 402 in
1806 338 2044 404 ecclefia
2073 343 2514 408 monachorum
2543 343 2619 408 de

560 431 954 514 Tewkesbyri
990 429 1247 492 honestae
1293 430 1550 490 traditur
1580 428 1915 510 sepulturae.
2817 501 2824 508 .

645 523 815 583 Circa
845 539 1065 581 annum
1093 523 1175 581 D.
1218 520 1407 600 1376.
1440 513 1693 579 surrexit
1722 518 1786 578 ln
1814 514 2210 580 Univerfitate
2232 521 2434 585 Oxon.
2477 518 2614 606 quir
2633 524 2850 590 Wicn‘fe.

568 607 705 670 dam
736 613 859 670 Mr.
887 611 1060 684 Joan:
1091 599 1329 669 Wiclif'
1352 607 1426 668 de
1478 606 1753 688 partibus
1797 604 2134 668 borealibus
2173 602 2443 670 secularis
2473 609 2616 670 doc-

558 711 653 758 tor
695 699 758 758 in
793 695 1115 777 theologia,
1165 709 1372 756 tenens
1398 694 1659 775 publicis*
1703 690 1916 754 scholis
1957 695 2016 754 &
2047 693 2190 755 alibi
2220 693 2516 759 haereticas
2557 698 2618 758 δε

558 804 853 846 erroneas,
924 803 994 844 ac
1039 781 1273 844 statutis
1332 779 1673 844 universalis
1727 779 1982 843 ecclefiae
2027 785 2346 844 contrarias
2406 786 2468 846 8r
2511 783 2619 847 ab·
2667 853 2672 858 ,

556 869 765 934 surdas
816 919 831 935 .
881 916 898 935 .
950 918 965 933 .
1016 917 1033 934 .
1079 891 1241 945 oneS,
1286 871 1345 931 &
1384 870 1681 951 praecipue
1724 883 1933 931 contra
1977 869 2322 951 monachos,
2370 872 2430 932 8(
2469 873 2614 934 alios

548 955 853 1043 religiosos
886 958 1344 1041 posseffiona'tOS,
1390 979 1457 1019 ac
1502 971 1567 1017 ut
1614 953 1782 1018 suam
1819 955 2091 1019 haerefim
2121 972 2329 1020 contra
2359 956 2614 1022 insultan

556 1091 851 1110 .....
898 1045 1116 1108 fortius
1146 1066 1215 1108 ac
1254 1046 1428 1107 latins
1461 1045 1812 1128 propalaret,
1859 1044 2072 1106 accivit
2112 1045 2218 1108 fibi
2265 1065 2300 1107 c
2327 1093 2347 1110 ,
2383 1092 2400 1109 .
2437 1093 2452 1111 .
2489 1097 2504 1112 .
2540 1095 2555 1111 .
2594 1096 2608 1111 .
2631 1055 2920 1172 3253]ssst

2660 1137 2686 1168 e
2837 1139 2882 1172 lc
2923 1147 2948 1164 ¹·

551 1136 735 1198 unius
764 1131 939 1196 sectae
962 1133 1134 1198 simul
1162 1137 1223 1195 in
1252 1136 1454 1196 Oxou:
1487 1134 1840 1204 habitantes,
1880 1132 2076 1216 longis
2102 1132 2361 1204 vestibus
2385 1136 2460 1198 de
2485 1132 2610 1198 rus·
2623 1185 2878 1238 vistarum.

552 1218 678 1289 seto
726 1223 988 1297 indutos,
1059 1225 1119 1284 8c
1170 1221 1345 1284 nudis
1398 1219 1655 1302 pedibus
1702 1219 2065 1294 incedentes,
2125 1218 2467 1302 hujusmodi
2515 1245 2610 1284 er-

551 1331 716 1373 rores
764 1311 824 1372 in
856 1309 1087 1392 populo
1128 1308 1499 1384 ventilantes,
1549 1311 1607 1369 8τ
1638 1308 1832 1391 palam
1884 1309 1949 1370 in
1995 1328 2205 1371 eorum
2236 1307 2612 1376 sermonibus

556 1401 970 1484 praedicantes.

1404 1483 1731 1547 LelanduS.

640 1573 877 1637 Deinde
924 1571 1145 1647 scribit,
1190 1587 1263 1636 ut
1310 1592 1460 1658 papa
1508 1572 1700 1635 bullas
1732 1567 1948 1634 miserit
1987 1569 2065 1631 ad
2095 1566 2610 1655 archiepiscopum

552 1663 834 1725 Cantuar:
893 1665 953 1724 8c
1001 1659 1347 1746 episcopum
1392 1661 1676 1722 London:
1734 1678 1801 1722 ut
1833 1657 2160 1721 Wiclivum
2209 1660 2268 1721 &
2310 1663 2436 1741 ejus
2475 1660 2606 1724 fau-

548 1764 711 1813 tores
740 1749 800 1815 in
831 1749 1163 1812 custodiam
1194 1749 1529 1810 traherent:
1562 1763 1754 1829 utque
1787 1746 2044 1817 tandem,
2083 1745 2360 1827 praesente
2379 1752 2608 1826 Joanne

550 1837 627 1900 de
660 1841 870 1900 Gaunt
902 1838 1051 1899 duce
1082 1835 1456 1910 Lancastriae,
1501 1837 1691 1898 caussa
1721 1836 1796 1897 ab
1841 1833 2126 1916 episcopis
2152 1836 2312 1917 apud
2355 1839 2415 1898 S.
2450 1839 2604 1898 Pau-

548 1923 675 1988 lum
708 1927 975 1988 Londini
1010 1924 1205 2008 tepide
1223 1922 1505 1986 ventilata
1534 1921 1734 1996 fuerit,
1762 1924 1822 1984 δε
1847 1921 2146 2004 postremo
2169 1925 2238 1984 ut
2267 1924 2603 1986 Wiclivo'&
2623 1927 2831 1988 joannes
2854 1929 2912 1978 de
3001 1942 3006 1952 '

546 2009 663 2076 suis
693 2013 988 2074 indictum
1018 2012 1337 2074 filentium.
1435 2011 1550 2073 Sed
1590 2012 1828 2074 tandem
1859 2009 2356 2092 contemplatione
2385 2014 2596 2074 Domi—
2621 1995 2786 2040 Gaunt
2811 1997 2918 2043 fau-

546 2121 767 2164 norum
822 2100 1048 2164 easdem
1092 2099 1401 2182 opiniones
1442 2101 1501 2160 &
1544 2101 1772 2180 pejores
1823 2097 2232 2159 reass'umentes
2280 2099 2342 2159 in
2385 2119 2598 2162 eorum
2614 2063 2852 2174 {gi-We

432 2183 441 2194 ’
545 2189 773 2250 malitia
804 2188 1019 2250 fortius
1052 2187 1446 2268 perstiterunt.
1520 2187 1752 2248 Eodem
1778 2205 1918 2247 vero
1942 2185 2115 2246 dietae
2143 2185 2598 2250 examinationis

432 2273 435 2281 '
544 2277 642 2336 die
678 2279 737 2336 S.
765 2274 927 2338 Pauli
960 2275 1221 2338 London
1252 2276 1323 2335 ad
1350 2274 1661 2356 quoddam
1682 2274 1929 2334 verbum
1962 2275 2370 2346 minatorium,
2403 2295 2477 2336 ex
2496 2297 2600 2338 ore

546 2363 720 2423 ducis
754 2363 1105 2425 Lancastriae
1150 2362 1425 2447 episcopo
1458 2363 1740 2423 London:
1793 2361 2114 2443 prolatum,
2165 2361 2322 2423 illico
2352 2363 2601 2426 Londo-

545 2446 792 2524 nienses,
841 2446 1099 2535 grauiter
1130 2453 1259 2513 haec
1284 2452 1341 2513 &
1368 2452 1479 2511 alia
1506 2450 1781 2523 ferenteS,
1827 2451 2190 2511 unanimiter
2219 2448 2601 2514 consurrexe-

543 2554 705 2609 runt,
756 2541 815 2601 &
844 2538 1017 2601 armis
1048 2541 1373 2621 assumptiS,
1423 2538 1465 2599 fi
1507 2532 1697 2619 ipsum
1731 2536 2072 2598 invenissent
2101 2538 2460 2612 occidiffen't,
2509 2555 2600 2601 at-

542 2644 663 2706 que
710 2625 1035 2706 hospitium
1084 2624 1254 2689 suum
1302 2627 1375 2687 de
1430 2629 1621 2708 Savoy
1667 2628 1803 2709 igne
1843 2622 2186 2687 consumere
2223 2612 2783 2715 festinabantsaioy.

544 2714 661 2775 Sed
710 2711 1019 2799 episcopus
1072 2716 1349 2777 London:
1406 2734 1476 2776 ne
1527 2713 1643 2777 hoc
1694 2713 1866 2775 fieret
1913 2732 2122 2795 magna
2172 2712 2441 2777 instantia
2485 2718 2596 2778 im-

620 2800 787 2864 divit.

539 2820 615 2885 Pe
668 2894 770 2952 Ex
798 2890 1105 2953 annalibus
1152 2888 1352 2975 affictis
1381 2890 1701 2972 exemplari
1732 2887 2168 2970 Polychronicon
2209 2887 2356 2972 quod
2389 2890 2466 2971 cst
2635 2898 2748 2966 Pag.
2776 2918 2891 2963 334·

980 2982 1163 3041 Oxonz
1198 2984 1261 3043 in
1292 2979 1618 3040 bibliotheca
1648 2978 1870 3061 collegii
1898 2976 2154 3060 Regalis.
2863 3052 2868 3059 ἡ

628 3065 935 3127 Robertus
982 3068 1215 3129 Knollis
1265 3068 1493 3149 Anglus
1522 3066 1954 3129 Normanniam
1997 3066 2056 3125 &
2085 3065 2450 3127 Britanniam
2480 3068 2837 3151 nii-Knollys.

540 3150 864 3215 ferabilitet·
892 3152 1290 3237 depopulatus
1322 3153 1425 3217 est.
2749 3188 2786 3245 q

629 3242 880 3303 Circiter
911 3264 1133 3325 annum
1165 3246 1248 3303 D.
1300 3262 1463 3325 ¹359
1530 3242 1810 3303 Mortuus
1841 3236 1924 3301 est
1954 3238 2367 3321 Armachanus
2397 3238 2492 3301 die
2522 3244 2584 3304 S.
2607 3251 2916 3314 Armacanuq¹

537 3328 853 3391 Edmundi
906 3332 1082 3413 regis,
1152 3331 1321 3409 cujus
1372 3330 1491 3392 offa
1546 3326 1915 3391 succedente
1945 3342 2214 3409 tempore
2259 3328 2320 3388 in
2375 3329 2589 3389 Hiber-

534 3414 699 3479 niam
752 3416 942 3478 delata
982 3416 1136 3493 sunt,
1184 3421 1244 3480 &
1272 3419 1435 3503 apud
1466 3417 1809 3493 Dundalke,
1859 3416 1964 3478 ubi
2010 3432 2181 3477 natus
2207 3411 2346 3489 fuit,
2391 3413 2587 3497 sepul-

537 3517 691 3567 turae
724 3505 1060 3569 traduntur.

625 3595 797 3654 Circa
826 3596 983 3654 idem
1018 3609 1253 3675 tempus
1288 3594 1367 3655 D.
1414 3614 1520 3655 rex
1558 3592 1633 3654 ad
1664 3588 2100 3673 instigationem
2133 3581 2420 3651 Gulielmi
2453 3591 2586 3652 Wi-

534 3683 671 3743 kam
704 3683 763 3741 in
813 3681 999 3742 castro
1038 3682 1113 3743 de
1145 3680 1541 3743 Windelhore
1586 3680 1774 3741 multa
1806 3680 1962 3741 bona
1989 3678 2236 3738 aedificia
2265 3676 2406 3741 fecit
2447 3698 2586 3761 pro·

533 3764 731 3843 sterni,
780 3772 837 3830 &
869 3770 981 3829 alia
1016 3771 1269 3852 plurima
1304 3770 1548 3849 pulchra
1580 3768 1635 3835 ὃς
1664 3763 2002 3848 sumptuosa
2030 3764 2392 3827 reaedificari.
2431 3778 2438 3782 ’

619 3862 803 3918 Anno
839 3858 1029 3939 1363.
1082 3860 1231 3919 obiit
1277 3860 1481 3919 Simon
1529 3856 1730 3936 lllepe,
1775 3850 2242 3935 archiepiscopus
2287 3857 2578 3915 Cantuar:
2601 3852 2788 3921 colleg:

534 3943 641 4023 qui
672 3941 947 4007 fundavit
980 3966 1172 4007 unum
1208 3945 1531 4026 collegium
1576 3947 1776 4003 Oxou:
1832 3962 1940 4023 pro
1978 3938 2288 4002 monachis
2331 3940 2580 4002 ecclesiae
2597 3922 2818 3981 emman

530 4029 752 4103 ,Christi
782 4037 1063 4096 Cantuar:
1096 4035 1154 4094 81
1180 4030 1535 4094 secularibus
1566 4032 1639 4092 ad
1674 4032 1946 4101 invicem,
1995 4028 2073 4089 ita
2107 4028 2274 4111 quod
2309 4030 2583 4090 monachi

531 4119 882 4199 principales
908 4123 1084 4183 effent
1104 4120 1359 4199 ejusdem
1391 4147 1405 4193 ;
1444 4118 1539 4181 sed
1574 4118 1842 4180 monachi
1871 4116 2096 4197 expulsi
2133 4114 2258 4197 post
2279 4116 2403 4193 ejus
2427 4136 2582 4177 mor-

532 4219 657 4265 tem
700 4203 901 4269 favore
939 4206 1267 4271 successoris
1297 4207 1385 4271 sui
1419 4208 1678 4269 Simonis
1712 4204 2017 4288 Langham
2050 4207 2162 4265 See.
2259 4206 2343 4262 Ut
2377 4224 2578 4265 mona-

526 4294 665 4365 chi‚‘
700 4291 855 4355 fasta
908 4298 984 4359 ad
1031 4302 1147 4362 Ro:
1194 4294 1391 4363 sedem
1433 4294 1846 4379 appellatione,
1894 4292 2209 4378 collegium
2260 4288 2456 4372 postea
2493 4314 2583 4356 re·

531 4374 959 4463 'cuperax-erint.
1569 4388 1618 4448 B
1650 4383 1689 4445 b
1724 4382 1762 4445 b
1813 4400 1848 4447 z
2248 4380 2585 4457 Leonellus,
