3414 4866
595 171 869 295 p4'
1238 205 2596 288 JOANNISLELANDI

808 347 913 408 Ex
932 343 1163 428 prologo
1188 343 1423 424 epistola
1446 342 1535 406 ad
1555 343 1884 405 Guarinum
1909 342 1980 405 de
2000 343 2655 428 regibus-Britannicis.

544 445 839 510 Henricus
871 441 1251 527 Huntingdu:
1285 446 1512 517 Romae,
1690 445 1824 504 Hoc
1867 455 2068 506 tamen
2111 465 2270 508 anno
2315 466 2452 508 cum
2501 449 2780 508 Romam
2839 469 3022 532 pro·

544 532 743 598 forsan
771 555 917 598 cum
942 531 1313 604 Alexandm,
1360 527 1512 612 epis·
1600 527 1920 606 ficiscerer,
2012 535 2175 614 apud
2235 531 2583 597 Beccensem
2640 535 3012 599 abbatiam

545 641 703 704 copo
757 619 994 686 Linc01:
1053 620 1155 684 cui
1202 615 1511 682 familiaris
1598 614 1813 718 scripta
1852 637 2052 682 rerum
2098 621 2518 704 praediCtarum
2561 619 2837 706 stupens
2897 628 3010 688 in-

546 723 696 776 erat.
964 767 973 776 ,
1598 723 1758 768 vem.

1488 828 1589 888 Ex
1612 826 1837 908 epistola
1863 825 1953 890 ad
1973 831 2324 894 Guarinum.

964 930 1245 998 Succeffit'
1288 924 1343 994 ei
1370 925 1619 1006 Marius,
1666 933 1700 994 a
1744 953 1872 1015 quo
1907 931 2279 1020 Westmaria,
2325 935 2612 1001 Romanis
2663 931 2988 1014 serviens-

874 1023 991 1089 Hic
1021 1018 1308 1085 Cestriam
1336 1017 1675 1084 aedificavit.
2270 1026 2278 1036 “

1483 1125 1553 1184 In
1583 1121 1704 1184 fine
1733 1120 2002 1204 ejusdem
2039 1123 2320 1206 epistolae.

958 1227 1241 1310 Qorum
1262 1221 1309 1286 fi
1340 1220 1750 1306 prolixitatem
1775 1223 2082 1298 desiderati,
2101 1226 2334 1288 .librum
2356 1223 2650 1308 grandem
2675 1220 2968 1287 Galfridi

873 1313 1153 1388 Arthuri,
1199 1333 1385 1395 quem
1418 1311 1585 1394 apud
1615 1315 1880 1374 Beccum
1908 1314 2125 1404 inveni,
2169 1333 2462 1397 requiras.

682 1505 733 1578 π
1045 1440 1098 1500 E
1100 1459 1139 1498 x
1159 1435 1382 1517 epistola
1412 1437 1659 1500 Henrici
1688 1414 2160 1522 Huntingdut⁰de
2187 1440 2510 1519 contemptu
2537 1436 2761 1502 mundi.

538 1539 671 1634 Laui
696 1585 809 1634 Gil-
956 1547 1124 1633 Qid
1151 1565 1483 1608 memorem
1510 1545 1908 1619 Gilebertum,
1944 1537 2094 1629 'cogt
2123 1544 2530 1622 universalem,
2577 1542 2960 1630 episcopum

536 1651 679 1712 berti,
712 1651 834 1716 epis-
871 1631 1395 1700 Londoniensem?
1441 1635 1581 1696 Non
1626 1631 1748 1714 fuit
1801 1631 2068 1716 adusque
2112 1638 2368 1698 Romam
2417 1655 2522 1716 par
2561 1635 2618 1696 ei
2663 1630 2948 1698 scientia.
2983 1649 2986 1656 '

537 1716 806 1810 eopiLon-
871 1724 1124 1787 Artibus
1170 1736 1295 1782 erat
1335 1719 1800 1792 eruditIffimu83
1851 1721 2159 1784 Theorica
2201 1721 2512 1805 singularis
2555 1723 2616 1784 &
2662 1724 2898 1784 unicus
2925 1747 2950 1796 ;

538 1780 656 1831 ‘¹⁰¹²’
870 1810 1031 1874 fama
1060 1811 1247 1892 igitur
1274 1808 1517 1872 celebris
1542 1808 1599 1871 δε
1627 1806 1988 1890 splendidus.
2077 1811 2484 1894 Quapropter,
2527 1829 2668 1874 cum
2696 1805 2950 1872 scholas

732 1895 844 1961 ὓ
872 1914 1107 1982 regeret
1145 1897 1424 1960 Nivernis
1471 1897 1532 1958 in
1561 1897 1776 1971 Gallia,
1823 1897 1899 1958 ad
1948 1895 2252 1960 summum
2278 1897 2617 1962 Londoniae
2657 1893 2944 1959 sacerdo-

873 1984 1031 2050 tium
1072 2001 1315 2049 vocatus
1343 1982 1448 2061 est,
1496 1985 1555 2046 &
1587 1998 1866 2049 exoratus
1897 1985 2191 2050 concessit.

1160 2113 1231 2172 In
1257 2108 1377 2184 fine
1405 2105 1661 2190 ejusdem
1692 2107 1954 2192 epistolae
1993 2109 2067 2170 ad
2099 2109 2439 2186 Walterum
2466 2105 2628 2174 conse

1569 2195 1872 2280 epistolam
1905 2197 2222 2262 dedicavit.

534 2323 763 2374 Poemata
1042 2301 1286 2366 Henri'ci
1316 2299 1426 2363 tibi
1458 2299 1607 2362 serta
1637 2320 1866 2384 gerens,
1910 2303 2334 2384 epigrammata
2366 2303 2652 2385 primum,

536 2391 751 2443 Henrici.
884 2389 889 2396 ’
1128 2389 1348 2456 Proelia
1374 2409 1540 2463 mox,
1578 2390 1834 2465 ‚Veneris
1863 2392 2132 2472 gramina
2159 2390 2376 2453 deinde
2409 2391 2540 2453 tuli.

1044 2480 1233 2543 Liber
1258 2498 1451 2541 nonus
1479 2474 1563 2539 est
1591 2477 1666 2538 de
1693 2478 1986 2540 miraculis
2019 2476 2370 2540 Saneiorum
2399 2476 2762 2561 Auginum-1,
2805 2475 2914 2557 qui

1129 2566 1207 2628 ad
1235 2566 1485 2627 verbum
1513 2562 1638 2627 fere
1664 2586 1743 2627 ex
1771 2565 1948 2627 Bedae
1973 2564 2236 2639 ‚historia
2282 2568 2592 2628 transsatus
2617 2564 2720 2641 est,
2765 2582 2913 2644 prae-

1131 2670 1403 2735 terquatn
1449 2652 1618 2736 quod
1674 2653 1737 2715 in
1788 2652 1904 2715 fine
1952 2653 2190 2734 adjiciat
2237 2654 2468 2737 aliquot
2518 2652 2906 2717 recentiorum

1131 2739 1491 2803 Sanstorum
1523 2742 1692 2803 vitaS.

1520 2872 1621 2931 Ex
1650 2869 1795 2931 libro
1812 2867 1892 2931 'de
1917 2870 2234 2933 miraculis.

534 2995 725 3041 simeon
758 2993 841 3041 ab·
947 2974 1349 3060 Temporibus
1388 2988 1585 3037 autem
1614 2972 1820 3038 nostris
1865 2996 2004 3038 cum
2051 2976 2274 3038 ibidem
2318 2975 2557 3035 Simeon
2585 2969 2769 3033 abbas
2809 2989 2898 3031 ec·

533 3061 615 3106 ¹³²⁵
639 3059 767 3106 ¹⁸⁰⁶·
862 3064 1097 3128 clefiam
1126 3063 1338 3127 mundi
1366 3066 1560 3145 operis
1589 3062 1907 3144 incepisset,
1941 3063 2236 3127 transtulit
2262 3065 2390 3144 ejus
2417 3080 2630 3142 corpus
2659 3054 2897 3121 sanfi’dff:

530 3134 807 3237 ffiffiissgvae
860 3152 928 3217 in
959 3170 1173 3224 novam
1204 3150 1507 3214 ecclefiam
1552 3149 1864 3223 Ricardus,
1910 3146 2191 3214 successor
2231 3152 2379 3229 eju3‚
2425 3147 2672 3210 ultimus
2722 3144 2896 3208 abbas

534 3252 782 3303 Helienfis.
861 3237 1122 3321 ejusdem
1151 3239 1290 3302 loci.
1381 3236 1620 3301 Exinde
1645 3240 1804 3301 enim
1830 3236 2036 3301 statuti
2066 3236 2202 3306 sunt
2227 3237 2312 3301 ibi
2340 3234 2615 3321 episcopi.
2695 3276 2700 3283 ι

563 3383 679 3447 Pag.
702 3390 816 3433 261.
945 3358 953 3365 ’
1005 3368 1106 3434 Ex
1135 3364 1277 3427 libro
1305 3384 1465 3438 nom,
1511 3360 1610 3446 qui
1636 3360 1705 3439 de
1733 3363 2027 3425 miraculis
2059 3367 2398 3427 Sanaorum
2424 3360 2759 3446 Anglorum.

946 3470 1231 3533 Rumaldi
1262 3469 1443 3533 vitam
1480 3468 1718 3533 videbis·
1737 3467 2140 3532 admirandam
2168 3468 2332 3552 apud
2360 3466 2777 3549 Buchingham
2803 3460 2889 3527 su-

860 3580 966 3643 per
998 3558 1104 3621 flu:
1136 3555 1286 3620 Usae.
2703 3574 2710 3583 ·

512 3700 517 3711 .
866 3646 873 3653 ’
1632 3670 1680 3715 s,
1701 3668 1808 3714 1v0.

529 3745 759 3794 Iuventio
944 3734 1173 3799 Lustris
1199 3733 1330 3818 post
1356 3734 1589 3797 obitum
1627 3736 1753 3813 ejus
1785 3733 1988 3795 multis
2024 3747 2289 3815 tempore
2318 3729 2475 3815 regis
2505 3727 2756 3811 longaevi
2785 3726 2884 3788 Ε-

526 3811 763 3927 ξοὶᾒζῇζς
852 3822 1098 3899 delredi,
1146 3827 1252 3907 qui
1286 3842 1580 3887 xxxvn.
1622 3820 1790 3883 annis
1819 3823 2111 3903 regnavit.

561 3912 573 3924 '
767 3910 781 3923 ”
942 3912 1157 3975 Samsta
1178 3931 1319 3973 vero
1342 3910 1652 3982 Wulfilda,
1674 3906 1798 3971 filia
1825 3910 1981 3992 regis
2007 3908 2248 3991 Edgari,
2273 3905 2620 3989 Berc‘hingae
2648 3900 2762 3965 fuit
2781 3896 2876 3963 ab·

850 3999 1076 4076 batista,
1124 4000 1183 4061 8<
1213 3998 1431 4063 ibidem
1461 3994 1705 4081 sepulta.

1949 4101 1982 4149 s.
2011 4100 2298 4163 Kineburgae
2321 4098 2370 4147 &
2396 4096 2692 4145 Kineswidae.

522 4178 683 4226 Tibba
712 4176 833 4224 Bur·
935 4170 1145 4234 Tibba
1159 4191 1317 4244 vero,
1336 4166 1748 4251 praedistarum
1771 4164 2102 4230 sarmarum
2121 4181 2391 4247 cognata,
2410 4166 2630 4224 ibidem
2647 4161 2867 4245 sepulta.

521 4244 570 4315 8³
592 4239 784 4308 sepulta.
940 4258 1153 4347 Sansta
1182 4256 1468 4343 Edgitha,
1518 4255 1635 4321 filia
1660 4258 1816 4341 tegle
1859 4256 2101 4339 Edgari,
2149 4252 2452 4319 wiltoniae
2483 4249 2708 4337 pausat.

2787 4396 2871 4457 Ex
