3414 4866
700 193 1400 284 ANTIQUARII
1474 192 2324 262 coLLEc‘rAN-›EA.
2707 213 2834 279 303

468 338 624 406 velis
665 333 939 411 extenfis,
986 329 1021 396 ὲ
1065 328 1345 396 Fiandria
1392 327 1471 390 ad
1512 324 1762 392 insulam
1801 330 2028 416 Wight
2065 347 2094 378 ⁶
2123 333 2424 417 praedatus
2463 331 2552 400 est
2597 339 2602 346 ’

468 449 659 496 eam:
708 425 1005 508 praedatus
1042 417 1127 484 est
1168 435 1414 500 quoque
1444 416 1756 482 Por-tland.

566 513 867 584 Haraldus
892 529 1035 572 vero
1065 510 1309 571 veniens
1335 506 1414 569 ab
1443 504 1728 588 Hibernia
1773 507 2076 590 praedatus
2109 507 2194 574 est
2221 511 2284 574 in
2320 511 2548 576 Porda-

1236 623 1281 670 S.
1308 617 1647 668 Goduuinum.
1933 627 1940 634 ·

470 715 611 771 can,
657 695 716 757 &
743 692 985 756 veniens
1017 686 1092 752 ad
1124 698 1353 771 patrem
1382 682 1551 749 suum
1589 685 1653 750 in
1689 687 1866 750 With
1899 702 2287 770 perrexerunt
2328 690 2390 751 in
2434 694 2544 755 Pe-

472 781 702 858 venese,
750 783 811 844 &
849 779 991 842 inde
1034 776 1111 838 ad
1152 776 1343 850 Nesse,
1390 775 1452 838 &
1481 777 1774 851 Rumene,
1823 777 1884 838 &
1917 777 2087 852 Hith,
2135 779 2194 838 81
2241 779 2302 839 in
2344 779 2545 842 Folce·

473 871 662 947 stane,
708 869 765 932 &
812 867 873 931 in
922 869 1153 941 Doure,
1202 868 1261 927 &
1310 865 1374 927 in
1422 861 1722 937 Sandwic‚
1766 863 1824 925 &
1863 865 1924 928 in
1969 865 2204 950 Shepei,
2256 862 2281 911 b
2316 868 2547 952 ubique

477 959 835 1042 accipientes
875 952 1109 1018 obfides
1146 953 1205 1016 ὅτ
1250 969 1505 1036 puppes·
1594 948 1861 1037 Qidam
1908 968 2050 1015 vero
2091 967 2377 1018 exeuntes
2428 955 2546 1020 Mi-

475 1047 719 1123 denua,
766 1042 973 1105 villam
1003 1042 1178 1124 regie„
1226 1039 1694 1104 combusserunt.

644 1123 654 1131 ’
688 1185 695 1190 .
796 1135 892 1192 De
921 1129 1228 1193 Gulielmo
1252 1129 1465 1191 Notho
1492 1123 1691 1190 versus
1722 1125 1935 1191 incerti
1963 1129 2210 1194 autoris,

668 1226 715 1265 ‘5
742 1215 1071 1295 Caesariem,
1118 1213 1332 1292 Caesar,
1382 1215 1495 1278 tibi
1524 1215 1569 1278 fi
1606 1229 1821 1277 natura
1851 1217 2107 1298 negavit,

754 1314 799 1346 “
830 1310 1019 1384 Hanc,
1064 1304 1390 1393 Gulielme,
1440 1303 1550 1367 tibi
1579 1300 1746 1366 stella
1772 1320 2006 1368 cometa
2032 1302 2257 1368 dedit.”

1232 1431 1335 1490 Ex
1346 1428 1593 1509 septimo
1628 1425 1794 1489 libro,

1182 1541 1283 1602 De
1310 1536 1623 1600 Gulielmo
1652 1530 1844 1598 Rufo.
2223 1555 2325 1619 sup.
2347 1557 2548 1604 Roberti

575 1629 727 1695 Inde
746 1649 887 1692 vero
916 1626 1226 1690 castellum
1256 1621 1599 1690 Tinemuth
1622 1620 1999 1709 conquisivit,
2041 1626 2102 1686 8c
2129 1623 2374 1687 fratrem
2405 1645 2550 1688 con-

490 1740 683 1790 oemitis
706 1737 1034 1788 Northumbr:

491 1808 633 1874 {ulis
660 1808 723 1870 in
750 1826 845 1870 eo·

824 1965 829 1974 .
912 1905 1256 1970 Gulielmus
1278 1907 1483 1988 junior
1514 1905 1631 1970 1⁰.
1677 1925 1838 1988 anno
1865 1927 1991 1991 reg:
2021 1905 2129 1970 sui.

578 2023 803 2088 Videns
834 2023 1023 2107 igitur
1070 2043 1169 2084 eos
1201 2023 1333 2106 plus
1363 2023 1848 2106 inexpugnabiles
1892 2022 2008 2085 fitu
2040 2037 2210 2091 terrae
2245 2017 2429 2105 qu'am
2461 2021 2548 2080 vi-

492 2111 662 2177 ribus
685 2114 746 2175 &
774 2112 971 2186 amne,
1016 2109 1157 2173 fecit
1183 2131 1388 2194 parare
1431 2109 1663 2173 castella
1680 2112 1858 2192 juxta
1885 2110 2033 2174 fines
2064 2108 2319 2186 Walliae,
2368 2109 2427 2169 ἃ
2455 2129 2548 2170 re·

491 2200 605 2264 diit
630 2201 693 2262 in
723 2198 1024 2282 Angliam.
2241 2213 2256 2228 ³

580 2287 700 2349 Sed
725 2287 1062 2372 provincias
1092 2284 1530 2350 intolerabiliter
1556 2285 1809 2349 vexabat
1835 2286 1896 2348 in
1923 2285 2198 2359 tributis,‘
2227 2304 2366 2368 quae
2397 2305 2550 2346 nun·
2593 2303 2707 2370 Pag.
2731 2307 2848 2356 ιω.

495 2394 682 2460 quam
712 2374 1023 2449 ceffaba'nt,
1071 2375 1133 2437 in
1162 2394 1342 2457 opere
1370 2374 1523 2436 aulae
1554 2375 1765 2458 regalis
1809 2374 1974 2457 apud
2014 2371 2441 2465 westminstre,
2488 2372 2551 2435 in

487 2474 685 2546 o'pere,
706 2464 861 2527 muri
886 2465 1040 2528 circa
1076 2465 1287 2544 turrim
1316 2463 1669 2527 Londoniae.

585 2550 819 2624 Eodem
870 2571 1027 2617 anno
1073 2552 1383 2625 Nimiam,
1450 2565 1616 2633 pater
1660 2550 1840 2624 illius,
1906 2551 2014 2633 qni
2058 2550 2211 2613 hanc
2250 2546 2550 2612 historiam
2574 2549 2820 2617 Nicdlaus.

496 2635 742 2722 scripsit,
788 2641 995 2703 montis
1022 2637 1255 2723 legibus
1286 2637 1581 2715 conceffit‚
1628 2636 1687 2701 &
1720 2636 1982 2723 sepultus
2010 2637 2094 2701 est
2122 2639 2284 2723 apud
2308 2637 2550 2702 Lincol-

500 2728 679 2806 niam,
727 2725 800 2789 de
824 2747 955 2809 quo
985 2724 1215 2788 dietum
1255 2725 1382 2787 est:
1457 2758 1463 2767 ·

678 2844 723 2873 “
754 2837 935 2899 Stella
966 2836 1123 2899 cadit
1152 2838 1317 2913 cleri,
1365 2832 1644 2920 splendor
1674 2853 1896 2901 marcet
1924 2837 2218 2914 Nicholai,

767 2932 811 2961 “
844 2924 1022 2989 Stella
1050 2926 1263 2987 cadens
1297 2925 1438 2987 cleri
1466 2922 1766 3009 splendeat
1796 2945 1928 2989 arce
1958 2926 2114 2991 dei.”

598 3040 701 3105 sup.
728 3040 965 3089 Hem-icus
992 3056 1058 3089 ms.
1990 3049 1998 3057 ⁸
2161 3041 2262 3105 sup.
2287 3043 2558 3101 Robertum

540 3186 549 3193 ,
589 3096 965 3193 Rediensque
1002 3128 1157 3171 anno
1200 3104 1467 3193 sequenti
1497 3108 1558 3169 in
1600 3107 1880 3191 Angliam
1921 3105 2119 3193 posuit
2146 3130 2286 3173 eum
2322 3112 2388 3171 in
2430 3132 2557 3177 car—

506 3216 566 3265 de
586 3214 807 3264 Belesme.
1158 3232 1165 3237 ·
1702 3233 1712 3244 ·

506 3304 698 3347 cerem
731 3276 1087 3367 perhennem
1120 3286 1283 3367 apud
1315 3285 1620 3351 Werham.
2179 3354 2188 3361 ,
2577 3305 2850 3356 weoeham.

592 3372 741 3435 Inde
768 3374 878 3434 ivit
922 3390 1027 3435 rex
1058 3376 1131 3437 ad
1162 3374 1573 3438 Woddestoke
1620 3375 1695 3437 ad
1731 3375 1929 3437 locum
1959 3374 2270 3461 insignem,
2314 3376 2421 3439 ubi
2451 3396 2558 3439 rex
2576 3374 2876 3451 woodstoka

510 3460 1007 3525 cohabitationem
1036 3462 1355 3525 hominum
1382 3464 1443 3526 8c
1470 3461 1738 3526 ferarum
1766 3459 2003 3527 fecerat.
2577 3438 2862 3487 aedffiffl‘um

2574 3508 2630 3552 ab
2654 3503 2866 3551 Hem-ico

593 3552 690 3611 De
717 3568 843 3631 quo
874 3549 1049 3611 Walo
1081 3551 1455 3615 versificator.
2607 3571 2748 3618 rimo.

594 3638 862 3702 Offiavus
886 3638 1035 3700 liber
1054 3642 1320 3702 continet
1347 3654 1463 3701 tres
1484 3638 1774 3721 epistolas,
1799 3637 1898 3703 scd
1921 3641 2072 3703 bene
2094 3639 2338 3721 longas;
2371 3660 2553 3703 unam
2623 3634 2882 3701 '³1⁰1’052‘12·

516 3724 588 3785 ad
618 3722 945 3789 Hem-icum
978 3728 1251 3807 primum,
1303 3746 1497 3811 regem
1540 3729 1790 3813 Angliae,
1839 3726 2310 3811 de·principibus
2350 3745 2556 3811 poten-

518 3812 631 3875 tiff:
664 3816 847 3876 totius
877 3815 1039 3877 orbis
1071 3812 1255 3898 usque
1284 3816 1361 3876 ad
1401 3816 1751 3879 Conradum
1779 3817 1986 3896 impert
2019 3816 2282 3879 Alteram
2325 3818 2399 3877 de
2436 3820 2553 3879 ori·
2574 3825 2786 3891 Epistola

518 3902 649 3983 gine
690 3920 898 3985 regum
944 3904 1389 3979 Britannorum,
1436 3924 1573 3985 quae
1617 3906 1932 3985 Epitomen
1961 3906 2240 3967 continet
2285 3891 2854 3966 Galfrediflenriciad

520 3989 1003 4054 Monumetenfis.
1081 3995 1359 4055 Tertiam
1390 3992 1462 4054 ad
1487 3994 1868 4067 Gualterum‚
1899 3988 2228 4067 consortem
2259 3989 2452 4069 suum,
2484 3993 2560 4054 de
2580 3962 2856 4073 ,Ἑῗζζὶᾙιω

522 4093 859 4161 contemptu
888 4080 1120 4143 mundi.
2581 4090 2638 4138 de
2659 4091 2845 4153 regibus

2584 4154 2886 4205 Britannicis.

548 4266 605 4307 ,a
638 4250 831 4310 Rcffius,
864 4259 914 4299 ut
948 4252 993 4299 in
1032 4251 1235 4322 impreffi·
1260 4252 1457 4321 praedati
1497 4250 1606 4305 sunt
1644 4241 1788 4303 eam':
1821 4254 2016 4319 praedati
2054 4255 2166 4307 sunt
2199 4270 2386 4319 quoque
2426 4258 2566 4305 Port-

526 4306 648 4373 land.
782 4316 809 4366 b
843 4317 936 4366 ubi
959 4321 1068 4373 MS.
1466 4370 1479 4379 ,
2353 4342 2358 4345 -
2393 4324 2400 4331 ·
2465 4393 2518 4450 E
