<?xml version="1.0" encoding="UTF-8"?>
<!DOCTYPE html PUBLIC "-//W3C//DTD XHTML 1.0 Transitional//EN"
    "http://www.w3.org/TR/xhtml1/DTD/xhtml1-transitional.dtd">
<html xmlns="http://www.w3.org/1999/xhtml" xml:lang="en" lang="en">
 <head>
  <title>
</title>
<meta http-equiv="Content-Type" content="text/html;charset=utf-8" />
  <meta name='ocr-system' content='tesseract 3.04.00' />
  <meta name='ocr-capabilities' content='ocr_page ocr_carea ocr_par ocr_line ocrx_word'/>
</head>
<body>
  <div class='ocr_page' id='page_1' title='image "./joannislelandia02heargoog_0227.png"; bbox 0 0 3414 4866; ppageno 0'>
   <div class='ocr_carea' id='block_1_1' title="bbox 695 172 2838 290">
    <p class='ocr_par' dir='ltr' id='par_1_1' title="bbox 695 172 2838 290">
     <span class='ocr_line' id='line_1_1' title="bbox 695 172 2838 290; baseline -0.002 -17"><span class='ocrx_word' id='word_1_1' title='bbox 695 198 1409 290; x_wconf 70' lang='lat' dir='ltr'>ANTIQUARH</span> <span class='ocrx_word' id='word_1_2' title='bbox 1499 172 2362 272; x_wconf 74' lang='lat' dir='ltr'>boLLE&#39;cTANEA.</span> <span class='ocrx_word' id='word_1_3' title='bbox 2709 215 2838 279; x_wconf 60' lang='grc' dir='ltr'>ιιι</span> 
     </span>
    </p>
   </div>
   <div class='ocr_carea' id='block_1_2' title="bbox 478 332 2582 1472">
    <p class='ocr_par' dir='ltr' id='par_1_2' title="bbox 478 332 2582 1472">
     <span class='ocr_line' id='line_1_2' title="bbox 480 332 2560 424; baseline -0.003 -18"><span class='ocrx_word' id='word_1_4' title='bbox 480 341 583 405; x_wconf 87' lang='lat' dir='ltr'>ibi</span> <span class='ocrx_word' id='word_1_5' title='bbox 614 336 963 424; x_wconf 77' lang='lat' dir='ltr'>subrogatus</span> <span class='ocrx_word' id='word_1_6' title='bbox 988 335 1303 419; x_wconf 84' lang='lat' dir='ltr'>episcopus</span> <span class='ocrx_word' id='word_1_7' title='bbox 1332 332 1435 399; x_wconf 84' lang='lat' dir='ltr'>est.</span> <span class='ocrx_word' id='word_1_8' title='bbox 1470 350 1485 365; x_wconf 90' lang='lat'><strong>·</strong></span> <span class='ocrx_word' id='word_1_9' title='bbox 1524 334 1639 397; x_wconf 88' lang='lat' dir='ltr'>Per</span> <span class='ocrx_word' id='word_1_10' title='bbox 1669 332 1834 398; x_wconf 89' lang='lat' dir='ltr'>hunc</span> <span class='ocrx_word' id='word_1_11' title='bbox 1862 335 2153 399; x_wconf 88' lang='lat' dir='ltr'>vetustam</span> <span class='ocrx_word' id='word_1_12' title='bbox 2191 334 2560 421; x_wconf 84' lang='lat' dir='ltr'>episcopatus</span> 
     </span>
     <span class='ocr_line' id='line_1_3' title="bbox 478 419 2558 509; baseline -0.002 -17"><span class='ocrx_word' id='word_1_13' title='bbox 478 426 796 497; x_wconf 77' lang='lat' dir='ltr'>ecclesiam</span> <span class='ocrx_word' id='word_1_14' title='bbox 836 446 977 489; x_wconf 89' lang='lat' dir='ltr'>cum</span> <span class='ocrx_word' id='word_1_15' title='bbox 1015 423 1243 487; x_wconf 84' lang='lat' dir='ltr'>fabri-ca</span> <span class='ocrx_word' id='word_1_16' title='bbox 1294 422 1599 501; x_wconf 82' lang='lat' dir='ltr'>adjacente</span> <span class='ocrx_word' id='word_1_17' title='bbox 1642 419 1952 498; x_wconf 87' lang='lat' dir='ltr'>subvertit,</span> <span class='ocrx_word' id='word_1_18' title='bbox 1999 426 2060 485; x_wconf 85' lang='lat'>&amp;</span> <span class='ocrx_word' id='word_1_19' title='bbox 2107 444 2260 488; x_wconf 85' lang='lat' dir='ltr'>nova</span> <span class='ocrx_word' id='word_1_20' title='bbox 2298 444 2558 509; x_wconf 80' lang='lat' dir='ltr'>quaeque</span> 
     </span>
     <span class='ocr_line' id='line_1_4' title="bbox 481 506 2554 594; baseline -0.001 -15"><span class='ocrx_word' id='word_1_21' title='bbox 481 517 792 580; x_wconf 80' lang='lat' dir='ltr'>extruxit.</span> <span class='ocrx_word' id='word_1_22' title='bbox 860 513 1147 587; x_wconf 76' lang='lat' dir='ltr'>ClericOS,</span> <span class='ocrx_word' id='word_1_23' title='bbox 1177 511 1287 593; x_wconf 90' lang='lat' dir='ltr'>qui</span> <span class='ocrx_word' id='word_1_24' title='bbox 1314 506 1500 586; x_wconf 88' lang='lat' dir='ltr'>illhic,</span> <span class='ocrx_word' id='word_1_25' title='bbox 1532 508 1685 572; x_wconf 84' lang='lat' dir='ltr'>sicut</span> <span class='ocrx_word' id='word_1_26' title='bbox 1713 510 2003 587; x_wconf 75' lang='lat' dir='ltr'>diximu3,</span> <span class='ocrx_word' id='word_1_27' title='bbox 2037 513 2314 594; x_wconf 81' lang='lat' dir='ltr'>agebant,</span> <span class='ocrx_word' id='word_1_28' title='bbox 2353 530 2459 575; x_wconf 86' lang='lat' dir='ltr'>aut</span> <span class='ocrx_word' id='word_1_29' title='bbox 2489 513 2554 577; x_wconf 85' lang='lat' dir='ltr'>in</span> 
     </span>
     <span class='ocr_line' id='line_1_5' title="bbox 482 599 2556 681; baseline -0.001 -15"><span class='ocrx_word' id='word_1_30' title='bbox 482 604 709 667; x_wconf 88' lang='lat' dir='ltr'>eodem</span> <span class='ocrx_word' id='word_1_31' title='bbox 753 602 891 667; x_wconf 87' lang='lat' dir='ltr'>loco</span> <span class='ocrx_word' id='word_1_32' title='bbox 918 600 997 661; x_wconf 88' lang='lat' dir='ltr'>ad</span> <span class='ocrx_word' id='word_1_33' title='bbox 1026 599 1330 681; x_wconf 80' lang='lat' dir='ltr'>religionis</span> <span class='ocrx_word' id='word_1_34' title='bbox 1358 599 1595 661; x_wconf 80' lang='lat' dir='ltr'>culmen</span> <span class='ocrx_word' id='word_1_35' title='bbox 1622 599 1832 672; x_wconf 84' lang='lat' dir='ltr'>erexit,</span> <span class='ocrx_word' id='word_1_36' title='bbox 1859 615 1986 672; x_wconf 87' lang='lat' dir='ltr'>aut,</span> <span class='ocrx_word' id='word_1_37' title='bbox 2019 601 2170 663; x_wconf 83' lang='lat' dir='ltr'>datis</span> <span class='ocrx_word' id='word_1_38' title='bbox 2199 600 2328 663; x_wconf 84' lang='lat' dir='ltr'>aliis</span> <span class='ocrx_word' id='word_1_39' title='bbox 2355 602 2556 679; x_wconf 74' lang='lat' dir='ltr'>rebuS,</span> 
     </span>
     <span class='ocr_line' id='line_1_6' title="bbox 482 682 2560 775; baseline -0.001 -20"><span class='ocrx_word' id='word_1_40' title='bbox 482 693 573 755; x_wconf 89' lang='lat' dir='ltr'>de</span> <span class='ocrx_word' id='word_1_41' title='bbox 600 690 829 775; x_wconf 88' lang='lat' dir='ltr'>quibus</span> <span class='ocrx_word' id='word_1_42' title='bbox 855 688 1255 753; x_wconf 85' lang='lat' dir='ltr'>abundantius</span> <span class='ocrx_word' id='word_1_43' title='bbox 1283 682 1457 747; x_wconf 89' lang='lat' dir='ltr'>solito</span> <span class='ocrx_word' id='word_1_44' title='bbox 1484 684 1712 749; x_wconf 66' lang='lat' dir='ltr'>vistum</span> <span class='ocrx_word' id='word_1_45' title='bbox 1744 687 1805 747; x_wconf 68' lang='lat'>8&lt;</span> <span class='ocrx_word' id='word_1_46' title='bbox 1833 684 2112 753; x_wconf 83' lang='lat' dir='ltr'>vestitum</span> <span class='ocrx_word' id='word_1_47' title='bbox 2141 688 2447 765; x_wconf 80' lang='lat' dir='ltr'>haberent,</span> <span class='ocrx_word' id='word_1_48' title='bbox 2493 692 2560 753; x_wconf 87' lang='lat' dir='ltr'>in</span> 
     </span>
     <span class='ocr_line' id='line_1_7' title="bbox 482 770 2558 857; baseline -0.001 -13"><span class='ocrx_word' id='word_1_49' title='bbox 482 778 609 844; x_wconf 80' lang='lat' dir='ltr'>alia</span> <span class='ocrx_word' id='word_1_50' title='bbox 642 779 771 841; x_wconf 86' lang='lat' dir='ltr'>loca</span> <span class='ocrx_word' id='word_1_51' title='bbox 798 776 1073 839; x_wconf 88' lang='lat' dir='ltr'>mutavit.</span> <span class='ocrx_word' id='word_1_52' title='bbox 1168 773 1382 837; x_wconf 89' lang='lat' dir='ltr'>Sedem</span> <span class='ocrx_word' id='word_1_53' title='bbox 1410 774 1629 835; x_wconf 83' lang='lat' dir='ltr'>etenim</span> <span class='ocrx_word' id='word_1_54' title='bbox 1668 770 2058 857; x_wconf 88' lang='lat' dir='ltr'>episcopalem</span> <span class='ocrx_word' id='word_1_55' title='bbox 2099 777 2431 841; x_wconf 80' lang='lat' dir='ltr'>monachici</span> <span class='ocrx_word' id='word_1_56' title='bbox 2457 796 2558 841; x_wconf 87' lang='lat' dir='ltr'>or·</span> 
     </span>
     <span class='ocr_line' id='line_1_8' title="bbox 484 860 2559 947; baseline -0.001 -17"><span class='ocrx_word' id='word_1_57' title='bbox 484 865 659 931; x_wconf 83' lang='lat' dir='ltr'>dinis</span> <span class='ocrx_word' id='word_1_58' title='bbox 687 864 861 929; x_wconf 86' lang='lat' dir='ltr'>cultu</span> <span class='ocrx_word' id='word_1_59' title='bbox 889 860 1163 937; x_wconf 86' lang='lat' dir='ltr'>instituit,</span> <span class='ocrx_word' id='word_1_60' title='bbox 1208 881 1274 922; x_wconf 91' lang='lat' dir='ltr'>ac</span> <span class='ocrx_word' id='word_1_61' title='bbox 1298 860 1587 945; x_wconf 81' lang='lat' dir='ltr'>delegatis</span> <span class='ocrx_word' id='word_1_62' title='bbox 1618 862 1788 925; x_wconf 82' lang='lat' dir='ltr'>terris</span> <span class='ocrx_word' id='word_1_63' title='bbox 1817 862 1877 923; x_wconf 72' lang='grc' dir='ltr'>ἃ</span> <span class='ocrx_word' id='word_1_64' title='bbox 1909 864 2055 937; x_wconf 72' lang='lat' dir='ltr'>aliia,</span> <span class='ocrx_word' id='word_1_65' title='bbox 2101 884 2238 947; x_wconf 84' lang='lat' dir='ltr'>quae</span> <span class='ocrx_word' id='word_1_66' title='bbox 2277 862 2559 928; x_wconf 83' lang='lat' dir='ltr'>sustenta-</span> 
     </span>
     <span class='ocr_line' id='line_1_9' title="bbox 481 947 2560 1035; baseline -0.001 -16"><span class='ocrx_word' id='word_1_67' title='bbox 481 956 648 1019; x_wconf 80' lang='lat' dir='ltr'>tioni</span> <span class='ocrx_word' id='word_1_68' title='bbox 688 952 860 1018; x_wconf 85' lang='lat' dir='ltr'>illhic</span> <span class='ocrx_word' id='word_1_69' title='bbox 908 947 1285 1013; x_wconf 86' lang='lat' dir='ltr'>servientium</span> <span class='ocrx_word' id='word_1_70' title='bbox 1330 948 1447 1012; x_wconf 84' lang='lat' dir='ltr'>deo</span> <span class='ocrx_word' id='word_1_71' title='bbox 1488 952 1930 1033; x_wconf 75' lang='lat' dir='ltr'>competebant,</span> <span class='ocrx_word' id='word_1_72' title='bbox 1987 949 2235 1017; x_wconf 74' lang='lat' dir='ltr'>divitem</span> <span class='ocrx_word' id='word_1_73' title='bbox 2279 952 2358 1017; x_wconf 88' lang='lat' dir='ltr'>de</span> <span class='ocrx_word' id='word_1_74' title='bbox 2408 973 2560 1035; x_wconf 87' lang='lat' dir='ltr'>pau·</span> 
     </span>
     <span class='ocr_line' id='line_1_10' title="bbox 484 1028 2512 1129; baseline -0 -24"><span class='ocrx_word' id='word_1_75' title='bbox 484 1064 659 1129; x_wconf 84' lang='lat' dir='ltr'>pere,</span> <span class='ocrx_word' id='word_1_76' title='bbox 690 1038 1005 1104; x_wconf 87' lang='lat' dir='ltr'>sublimem</span> <span class='ocrx_word' id='word_1_77' title='bbox 1033 1038 1110 1101; x_wconf 89' lang='lat' dir='ltr'>de</span> <span class='ocrx_word' id='word_1_78' title='bbox 1137 1028 1372 1112; x_wconf 77' lang='lat' dir='ltr'>humili,</span> <span class='ocrx_word' id='word_1_79' title='bbox 1418 1036 1957 1121; x_wconf 43' lang='lat' dir='ltr'>ficut-in&#39;praesenti</span> <span class='ocrx_word' id='word_1_80' title='bbox 1990 1039 2264 1115; x_wconf 83' lang='lat' dir='ltr'>habetur,</span> <span class='ocrx_word' id='word_1_81' title='bbox 2289 1039 2512 1105; x_wconf 87' lang='lat' dir='ltr'>effecit.</span> 
     </span>
     <span class='ocr_line' id='line_1_11' title="bbox 586 1122 2582 1211; baseline 0 -18"><span class='ocrx_word' id='word_1_82' title='bbox 586 1129 709 1193; x_wconf 90' lang='lat' dir='ltr'>Sed</span> <span class='ocrx_word' id='word_1_83' title='bbox 746 1127 917 1211; x_wconf 88' lang='lat' dir='ltr'>quod</span> <span class='ocrx_word' id='word_1_84' title='bbox 949 1124 1024 1187; x_wconf 92' lang='lat' dir='ltr'>de</span> <span class='ocrx_word' id='word_1_85' title='bbox 1054 1126 1411 1209; x_wconf 86' lang='lat' dir='ltr'>pauperibus</span> <span class='ocrx_word' id='word_1_86' title='bbox 1441 1140 1471 1171; x_wconf 74' lang='lat' dir='ltr'>a</span> <span class='ocrx_word' id='word_1_87' title='bbox 1500 1122 1647 1187; x_wconf 86' lang='lat' dir='ltr'>foris</span> <span class='ocrx_word' id='word_1_88' title='bbox 1677 1146 1880 1189; x_wconf 79' lang='lat' dir='ltr'>muros</span> <span class='ocrx_word' id='word_1_89' title='bbox 1923 1127 2175 1189; x_wconf 82' lang='lat' dir='ltr'>civitatis</span> <span class='ocrx_word' id='word_1_90' title='bbox 2215 1130 2582 1193; x_wconf 81' lang='lat' dir='ltr'>Cantuariae·</span> 
     </span>
     <span class='ocr_line' id='line_1_12' title="bbox 486 1206 2554 1300; baseline 0.002 -19"><span class='ocrx_word' id='word_1_91' title='bbox 486 1214 661 1298; x_wconf 87' lang='lat' dir='ltr'>fecit,</span> <span class='ocrx_word' id='word_1_92' title='bbox 710 1206 1289 1300; x_wconf 73' lang='lat' dir='ltr'>praetermittendum</span> <span class='ocrx_word' id='word_1_93' title='bbox 1318 1212 1469 1275; x_wconf 90' lang='lat' dir='ltr'>mihi</span> <span class='ocrx_word' id='word_1_94' title='bbox 1514 1213 1577 1275; x_wconf 85' lang='lat' dir='ltr'>’m</span> <span class='ocrx_word' id='word_1_95' title='bbox 1606 1212 1723 1276; x_wconf 88' lang='lat' dir='ltr'>hoc</span> <span class='ocrx_word' id='word_1_96' title='bbox 1751 1234 1931 1295; x_wconf 89' lang='lat' dir='ltr'>opere</span> <span class='ocrx_word' id='word_1_97' title='bbox 1958 1210 2088 1277; x_wconf 88' lang='lat' dir='ltr'>fore</span> <span class='ocrx_word' id='word_1_98' title='bbox 2126 1228 2250 1277; x_wconf 78' lang='lat' dir='ltr'>n&#39;on</span> <span class='ocrx_word' id='word_1_99' title='bbox 2273 1216 2554 1285; x_wconf 78' lang='lat' dir='ltr'>arbitror.</span> 
     </span>
     <span class='ocr_line' id='line_1_13' title="bbox 486 1300 2558 1387; baseline -0.001 -16"><span class='ocrx_word' id='word_1_100' title='bbox 486 1309 693 1371; x_wconf 81' lang='lat' dir='ltr'>Extra</span> <span class='ocrx_word' id='word_1_101' title='bbox 719 1300 1115 1387; x_wconf 75' lang='lat' dir='ltr'>aquilonalem</span> <span class='ocrx_word' id='word_1_102' title='bbox 1145 1300 1403 1383; x_wconf 89' lang='lat' dir='ltr'>denique</span> <span class='ocrx_word' id='word_1_103' title='bbox 1446 1315 1685 1384; x_wconf 77' lang='lat' dir='ltr'>portam</span> <span class='ocrx_word' id='word_1_104' title='bbox 1715 1300 1880 1363; x_wconf 76' lang='lat' dir='ltr'>urbis</span> <span class='ocrx_word' id='word_1_105' title='bbox 1925 1301 2086 1365; x_wconf 76' lang='lat' dir='ltr'>illius</span> <span class='ocrx_word' id='word_1_106' title='bbox 2115 1302 2406 1386; x_wconf 85' lang='lat' dir='ltr'>lapideam</span> <span class='ocrx_word' id='word_1_107' title='bbox 2445 1307 2558 1369; x_wconf 90' lang='lat' dir='ltr'>do-</span> 
     </span>
     <span class='ocr_line' id='line_1_14' title="bbox 486 1386 2558 1472; baseline -0.001 -15"><span class='ocrx_word' id='word_1_108' title='bbox 486 1413 671 1459; x_wconf 80' lang='lat' dir='ltr'>mum</span> <span class='ocrx_word' id='word_1_109' title='bbox 714 1392 1017 1455; x_wconf 76' lang='lat' dir='ltr'>decentem</span> <span class='ocrx_word' id='word_1_110' title='bbox 1064 1386 1125 1451; x_wconf 83' lang='lat'>&amp;</span> <span class='ocrx_word' id='word_1_111' title='bbox 1152 1389 1407 1471; x_wconf 85' lang='lat' dir='ltr'>amplam</span> <span class='ocrx_word' id='word_1_112' title='bbox 1438 1387 1795 1463; x_wconf 85' lang='lat' dir='ltr'>construxit,</span> <span class='ocrx_word' id='word_1_113' title='bbox 1839 1390 1898 1451; x_wconf 71' lang='lat'>82:</span> <span class='ocrx_word' id='word_1_114' title='bbox 1939 1390 1994 1452; x_wconf 88' lang='lat' dir='ltr'>ei</span> <span class='ocrx_word' id='word_1_115' title='bbox 2041 1410 2150 1472; x_wconf 88' lang='lat' dir='ltr'>pro</span> <span class='ocrx_word' id='word_1_116' title='bbox 2177 1390 2422 1455; x_wconf 83' lang='lat' dir='ltr'>diversis</span> <span class='ocrx_word' id='word_1_117' title='bbox 2450 1415 2558 1457; x_wconf 85' lang='lat' dir='ltr'>ne-</span> 
     </span>
    </p>
   </div>
   <div class='ocr_carea' id='block_1_3' title="bbox 377 1474 2559 1562">
    <p class='ocr_par' dir='ltr' id='par_1_3' title="bbox 377 1474 2559 1562">
     <span class='ocr_line' id='line_1_15' title="bbox 377 1474 2559 1562; baseline 0.002 -19"><span class='ocrx_word' id='word_1_118' title='bbox 377 1519 385 1527; x_wconf 79' lang='lat'><em>·</em></span> <span class='ocrx_word' id='word_1_119' title='bbox 488 1479 942 1546; x_wconf 86' lang='lat' dir='ltr'>ceffitudinibus</span> <span class='ocrx_word' id='word_1_120' title='bbox 976 1476 1292 1540; x_wconf 87' lang='lat' dir='ltr'>hominum</span> <span class='ocrx_word' id='word_1_121' title='bbox 1320 1476 1379 1538; x_wconf 87' lang='lat'>&amp;</span> <span class='ocrx_word' id='word_1_122' title='bbox 1396 1476 1922 1539; x_wconf 81' lang='lat' dir='ltr'>commoditatibus</span> <span class='ocrx_word' id='word_1_123' title='bbox 1941 1474 1965 1523; x_wconf 77' lang='lat' dir='ltr'><em>b</em></span> <span class='ocrx_word' id='word_1_124' title='bbox 1988 1478 2324 1542; x_wconf 84' lang='lat' dir='ltr'>habitacula</span> <span class='ocrx_word' id='word_1_125' title='bbox 2354 1478 2559 1562; x_wconf 81' lang='lat' dir='ltr'>plura‘&#39;</span> 
     </span>
    </p>
   </div>
   <div class='ocr_carea' id='block_1_4' title="bbox 454 1562 2861 3148">
    <p class='ocr_par' dir='ltr' id='par_1_4' title="bbox 488 1562 2554 2001">
     <span class='ocr_line' id='line_1_16' title="bbox 488 1562 2552 1650; baseline 0.001 -18"><span class='ocrx_word' id='word_1_126' title='bbox 488 1588 640 1633; x_wconf 77' lang='lat' dir='ltr'>cum</span> <span class='ocrx_word' id='word_1_127' title='bbox 686 1562 933 1650; x_wconf 82' lang='lat' dir='ltr'>spatiosa</span> <span class='ocrx_word' id='word_1_128' title='bbox 974 1580 1147 1629; x_wconf 88' lang='lat' dir='ltr'>curte</span> <span class='ocrx_word' id='word_1_129' title='bbox 1200 1566 1437 1647; x_wconf 87' lang='lat' dir='ltr'>adjecit.</span> <span class='ocrx_word' id='word_1_130' title='bbox 1528 1567 1663 1627; x_wconf 89' lang='lat' dir='ltr'>Hoc</span> <span class='ocrx_word' id='word_1_131' title='bbox 1702 1562 1988 1647; x_wconf 79' lang='lat' dir='ltr'>palatium</span> <span class='ocrx_word' id='word_1_132' title='bbox 2031 1566 2090 1629; x_wconf 87' lang='lat' dir='ltr'>in</span> <span class='ocrx_word' id='word_1_133' title='bbox 2137 1567 2264 1629; x_wconf 88' lang='lat' dir='ltr'>duo</span> <span class='ocrx_word' id='word_1_134' title='bbox 2309 1566 2552 1645; x_wconf 82' lang='lat' dir='ltr'>divifit;</span> 
     </span>
     <span class='ocr_line' id='line_1_17' title="bbox 488 1651 2553 1737; baseline 0.001 -18"><span class='ocrx_word' id='word_1_135' title='bbox 488 1658 659 1719; x_wconf 83' lang='lat' dir='ltr'>viros</span> <span class='ocrx_word' id='word_1_136' title='bbox 685 1654 981 1726; x_wconf 86' lang='lat' dir='ltr'>videlicet,</span> <span class='ocrx_word' id='word_1_137' title='bbox 1028 1652 1206 1716; x_wconf 87' lang='lat' dir='ltr'>variis</span> <span class='ocrx_word' id='word_1_138' title='bbox 1247 1652 1665 1716; x_wconf 84' lang='lat' dir='ltr'>infirmitatum</span> <span class='ocrx_word' id='word_1_139' title='bbox 1705 1651 2096 1735; x_wconf 84' lang='lat' dir='ltr'>qualitatibus</span> <span class='ocrx_word' id='word_1_140' title='bbox 2133 1654 2372 1737; x_wconf 76' lang='lat' dir='ltr'>presIbS,</span> <span class='ocrx_word' id='word_1_141' title='bbox 2421 1655 2553 1731; x_wconf 81' lang='lat' dir='ltr'>uui,</span> 
     </span>
     <span class='ocr_line' id='line_1_18' title="bbox 496 1736 2554 1827; baseline 0.001 -22"><span class='ocrx_word' id='word_1_142' title='bbox 496 1744 656 1827; x_wconf 81' lang='lat' dir='ltr'>parti</span> <span class='ocrx_word' id='word_1_143' title='bbox 683 1762 824 1805; x_wconf 88' lang='lat' dir='ltr'>vero</span> <span class='ocrx_word' id='word_1_144' title='bbox 852 1739 1020 1803; x_wconf 87' lang='lat' dir='ltr'>alteri</span> <span class='ocrx_word' id='word_1_145' title='bbox 1046 1737 1313 1817; x_wconf 82' lang='lat' dir='ltr'>feminas,</span> <span class='ocrx_word' id='word_1_146' title='bbox 1348 1736 1407 1803; x_wconf 89' lang='lat' dir='ltr'>se</span> <span class='ocrx_word' id='word_1_147' title='bbox 1433 1741 1587 1804; x_wconf 86' lang='lat' dir='ltr'>male</span> <span class='ocrx_word' id='word_1_148' title='bbox 1614 1740 1918 1817; x_wconf 71' lang='lat' dir='ltr'>habenteS,</span> <span class='ocrx_word' id='word_1_149' title='bbox 1965 1740 2294 1807; x_wconf 86' lang='lat' dir='ltr'>instituens.</span> <span class='ocrx_word' id='word_1_150' title='bbox 2366 1744 2554 1807; x_wconf 91' lang='lat' dir='ltr'>Ordi-</span> 
     </span>
     <span class='ocr_line' id='line_1_19' title="bbox 494 1824 2552 1912; baseline 0.001 -18"><span class='ocrx_word' id='word_1_151' title='bbox 494 1832 659 1895; x_wconf 84' lang='lat' dir='ltr'>navit</span> <span class='ocrx_word' id='word_1_152' title='bbox 702 1828 885 1893; x_wconf 83' lang='lat' dir='ltr'>etiam</span> <span class='ocrx_word' id='word_1_153' title='bbox 911 1828 995 1889; x_wconf 87' lang='lat' dir='ltr'>eis</span> <span class='ocrx_word' id='word_1_154' title='bbox 1032 1826 1109 1890; x_wconf 87' lang='lat' dir='ltr'>de</span> <span class='ocrx_word' id='word_1_155' title='bbox 1134 1824 1243 1889; x_wconf 89' lang='lat' dir='ltr'>suo</span> <span class='ocrx_word' id='word_1_156' title='bbox 1270 1826 1545 1893; x_wconf 85' lang='lat' dir='ltr'>vestitum</span> <span class='ocrx_word' id='word_1_157' title='bbox 1578 1830 1636 1893; x_wconf 84' lang='lat'>&amp;</span> <span class='ocrx_word' id='word_1_158' title='bbox 1683 1827 1912 1891; x_wconf 63' lang='lat' dir='ltr'>vietum</span> <span class='ocrx_word' id='word_1_159' title='bbox 1939 1832 2390 1912; x_wconf 86' lang='lat' dir='ltr'>quotidianum,</span> <span class='ocrx_word' id='word_1_160' title='bbox 2435 1832 2552 1897; x_wconf 89' lang='lat' dir='ltr'>mi·</span> 
     </span>
     <span class='ocr_line' id='line_1_20' title="bbox 494 1912 2462 2001; baseline -0.002 -16"><span class='ocrx_word' id='word_1_161' title='bbox 494 1917 707 1985; x_wconf 86' lang='lat' dir='ltr'>nistros</span> <span class='ocrx_word' id='word_1_162' title='bbox 732 1934 986 2001; x_wconf 81' lang='lat' dir='ltr'>quoque</span> <span class='ocrx_word' id='word_1_163' title='bbox 1023 1934 1093 1979; x_wconf 86' lang='lat' dir='ltr'>ac</span> <span class='ocrx_word' id='word_1_164' title='bbox 1120 1912 1414 1981; x_wconf 54' lang='lat' dir='ltr'>custode&amp;</span> <span class='ocrx_word' id='word_1_165' title='bbox 2449 1920 2462 1936; x_wconf 83' lang='grc'>·’</span> 
     </span>
    </p>

    <p class='ocr_par' dir='ltr' id='par_1_5' title="bbox 454 2002 2582 2353">
     <span class='ocr_line' id='line_1_21' title="bbox 582 2002 2557 2086; baseline 0.001 -17"><span class='ocrx_word' id='word_1_166' title='bbox 582 2010 683 2070; x_wconf 81' lang='lat' dir='ltr'>Ex</span> <span class='ocrx_word' id='word_1_167' title='bbox 708 2006 894 2071; x_wconf 86' lang='lat' dir='ltr'>altera</span> <span class='ocrx_word' id='word_1_168' title='bbox 932 2023 1077 2067; x_wconf 89' lang='lat' dir='ltr'>vero</span> <span class='ocrx_word' id='word_1_169' title='bbox 1106 2019 1273 2086; x_wconf 89' lang='lat' dir='ltr'>parte</span> <span class='ocrx_word' id='word_1_170' title='bbox 1300 2003 1411 2067; x_wconf 86' lang='lat' dir='ltr'>viae</span> <span class='ocrx_word' id='word_1_171' title='bbox 1452 2002 1752 2069; x_wconf 78' lang='lat' dir='ltr'>ecclesiam</span> <span class='ocrx_word' id='word_1_172' title='bbox 1782 2006 1844 2068; x_wconf 88' lang='lat' dir='ltr'>in</span> <span class='ocrx_word' id='word_1_173' title='bbox 1889 2004 2178 2069; x_wconf 86' lang='lat' dir='ltr'>honorem</span> <span class='ocrx_word' id='word_1_174' title='bbox 2209 2004 2372 2069; x_wconf 85' lang='lat' dir='ltr'>beati</span> <span class='ocrx_word' id='word_1_175' title='bbox 2397 2010 2557 2081; x_wconf 58' lang='lat' dir='ltr'>Grec,</span> 
     </span>
     <span class='ocr_line' id='line_1_22' title="bbox 454 2090 2552 2179; baseline 0.001 -22"><span class='ocrx_word' id='word_1_176' title='bbox 454 2156 472 2166; x_wconf 75' lang='grc'>,</span> <span class='ocrx_word' id='word_1_177' title='bbox 493 2095 652 2179; x_wconf 88' lang='lat' dir='ltr'>gorii</span> <span class='ocrx_word' id='word_1_178' title='bbox 674 2114 847 2177; x_wconf 83' lang='lat' dir='ltr'>papae</span> <span class='ocrx_word' id='word_1_179' title='bbox 862 2090 1229 2175; x_wconf 80' lang='lat' dir='ltr'>composuit3</span> <span class='ocrx_word' id='word_1_180' title='bbox 1260 2095 1321 2155; x_wconf 88' lang='lat' dir='ltr'>in</span> <span class='ocrx_word' id='word_1_181' title='bbox 1338 2114 1462 2175; x_wconf 89' lang='lat' dir='ltr'>qua</span> <span class='ocrx_word' id='word_1_182' title='bbox 1482 2094 1816 2157; x_wconf 89' lang='lat' dir='ltr'>Canonicos</span> <span class='ocrx_word' id='word_1_183' title='bbox 1837 2090 2050 2175; x_wconf 87' lang='lat' dir='ltr'>posuit,</span> <span class='ocrx_word' id='word_1_184' title='bbox 2070 2092 2182 2176; x_wconf 88' lang='lat' dir='ltr'>qui</span> <span class='ocrx_word' id='word_1_185' title='bbox 2204 2092 2552 2177; x_wconf 82' lang='lat' dir='ltr'>regulariter</span> 
     </span>
     <span class='ocr_line' id='line_1_23' title="bbox 494 2176 2550 2263; baseline 0.001 -18"><span class='ocrx_word' id='word_1_186' title='bbox 494 2182 785 2258; x_wconf 85' lang='lat' dir='ltr'>viverent,</span> <span class='ocrx_word' id='word_1_187' title='bbox 832 2181 893 2242; x_wconf 70' lang='grc' dir='ltr'>ἃ</span> <span class='ocrx_word' id='word_1_188' title='bbox 939 2177 1200 2263; x_wconf 83' lang='lat' dir='ltr'>praefatis</span> <span class='ocrx_word' id='word_1_189' title='bbox 1229 2180 1505 2255; x_wconf 86' lang='lat' dir='ltr'>infirmis,</span> <span class='ocrx_word' id='word_1_190' title='bbox 1547 2200 1685 2263; x_wconf 86' lang='lat' dir='ltr'>quae</span> <span class='ocrx_word' id='word_1_191' title='bbox 1729 2176 1902 2243; x_wconf 87' lang='lat' dir='ltr'>saluti</span> <span class='ocrx_word' id='word_1_192' title='bbox 1937 2181 2270 2245; x_wconf 87' lang='lat' dir='ltr'>animarum</span> <span class='ocrx_word' id='word_1_193' title='bbox 2309 2178 2550 2249; x_wconf 84' lang='lat' dir='ltr'>suarum</span> 
     </span>
     <span class='ocr_line' id='line_1_24' title="bbox 490 2264 2582 2353; baseline -0.003 -18"><span class='ocrx_word' id='word_1_194' title='bbox 490 2282 913 2353; x_wconf 83' lang='lat' dir='ltr'>congruerent,</span> <span class='ocrx_word' id='word_1_195' title='bbox 958 2286 1099 2331; x_wconf 88' lang='lat' dir='ltr'>cum</span> <span class='ocrx_word' id='word_1_196' title='bbox 1127 2264 1429 2350; x_wconf 89' lang='lat' dir='ltr'>sepultura</span> <span class='ocrx_word' id='word_1_197' title='bbox 1456 2264 1872 2331; x_wconf 85' lang='lat' dir='ltr'>ministrarent.</span> <span class='ocrx_word' id='word_1_198' title='bbox 2575 2321 2582 2328; x_wconf 85' lang='lat'><strong>.</strong></span> 
     </span>
    </p>

    <p class='ocr_par' dir='ltr' id='par_1_6' title="bbox 495 2353 2861 2621">
     <span class='ocr_line' id='line_1_25' title="bbox 582 2353 2861 2445; baseline 0.003 -26"><span class='ocrx_word' id='word_1_199' title='bbox 582 2358 900 2419; x_wconf 85' lang='lat' dir='ltr'>Remotius</span> <span class='ocrx_word' id='word_1_200' title='bbox 926 2376 1071 2419; x_wconf 87' lang='lat' dir='ltr'>vero</span> <span class='ocrx_word' id='word_1_201' title='bbox 1096 2376 1281 2440; x_wconf 87' lang='lat' dir='ltr'>quam</span> <span class='ocrx_word' id='word_1_202' title='bbox 1304 2353 1339 2417; x_wconf 73' lang='grc' dir='ltr'>ὲ</span> <span class='ocrx_word' id='word_1_203' title='bbox 1360 2355 1586 2419; x_wconf 90' lang='lat' dir='ltr'>boreali</span> <span class='ocrx_word' id='word_1_204' title='bbox 1614 2355 1690 2418; x_wconf 90' lang='lat' dir='ltr'>ab</span> <span class='ocrx_word' id='word_1_205' title='bbox 1714 2354 2072 2419; x_wconf 91' lang='lat' dir='ltr'>occidentali</span> <span class='ocrx_word' id='word_1_206' title='bbox 2098 2373 2270 2443; x_wconf 86' lang='lat' dir='ltr'>porta</span> <span class='ocrx_word' id='word_1_207' title='bbox 2291 2354 2547 2421; x_wconf 84' lang='lat' dir='ltr'>civitatis</span> <span class='ocrx_word' id='word_1_208' title='bbox 2591 2374 2704 2445; x_wconf 82' lang='lat' dir='ltr'>Pag.</span> <span class='ocrx_word' id='word_1_209' title='bbox 2731 2394 2861 2442; x_wconf 63' lang='lat' dir='ltr'>197·st</span> 
     </span>
     <span class='ocr_line' id='line_1_26' title="bbox 495 2441 2640 2533; baseline 0 -22"><span class='ocrx_word' id='word_1_210' title='bbox 495 2445 725 2530; x_wconf 83' lang='lat' dir='ltr'>ligneas</span> <span class='ocrx_word' id='word_1_211' title='bbox 754 2445 968 2510; x_wconf 86' lang='lat' dir='ltr'>domus</span> <span class='ocrx_word' id='word_1_212' title='bbox 996 2446 1059 2511; x_wconf 90' lang='lat' dir='ltr'>in</span> <span class='ocrx_word' id='word_1_213' title='bbox 1096 2447 1327 2511; x_wconf 78' lang='lat' dir='ltr'>devexo</span> <span class='ocrx_word' id='word_1_214' title='bbox 1354 2446 1577 2510; x_wconf 85' lang='lat' dir='ltr'>montis</span> <span class='ocrx_word' id='word_1_215' title='bbox 1603 2443 1784 2510; x_wconf 85' lang='lat' dir='ltr'>latere</span> <span class='ocrx_word' id='word_1_216' title='bbox 1809 2441 2124 2522; x_wconf 80' lang='lat' dir='ltr'>fabricans,</span> <span class='ocrx_word' id='word_1_217' title='bbox 2165 2467 2260 2512; x_wconf 84' lang='lat' dir='ltr'>eas</span> <span class='ocrx_word' id='word_1_218' title='bbox 2289 2446 2368 2509; x_wconf 91' lang='lat' dir='ltr'>ad</span> <span class='ocrx_word' id='word_1_219' title='bbox 2395 2467 2550 2533; x_wconf 82' lang='lat' dir='ltr'>opus</span> <span class='ocrx_word' id='word_1_220' title='bbox 2633 2469 2640 2486; x_wconf 80' lang='grc'><em>’</em></span> 
     </span>
     <span class='ocr_line' id='line_1_27' title="bbox 495 2529 2233 2621; baseline 0 -23"><span class='ocrx_word' id='word_1_221' title='bbox 495 2530 861 2621; x_wconf 86' lang='lat' dir='ltr'>leprosorum</span> <span class='ocrx_word' id='word_1_222' title='bbox 889 2532 1205 2618; x_wconf 86' lang='lat' dir='ltr'>delegavit.</span> <span class='ocrx_word' id='word_1_223' title='bbox 2225 2529 2233 2540; x_wconf 84' lang='lat'>&#39;</span> 
     </span>
    </p>

    <p class='ocr_par' dir='ltr' id='par_1_7' title="bbox 1280 2639 2312 2728">
     <span class='ocr_line' id='line_1_28' title="bbox 1280 2639 2312 2728; baseline 0.003 -39"><span class='ocrx_word' id='word_1_224' title='bbox 1280 2641 1313 2694; x_wconf 82' lang='lat' dir='ltr'>i.</span> <span class='ocrx_word' id='word_1_225' title='bbox 1336 2659 1379 2694; x_wconf 82' lang='lat' dir='ltr'>e.</span> <span class='ocrx_word' id='word_1_226' title='bbox 1402 2653 1459 2690; x_wconf 88' lang='lat' dir='ltr'>ut</span> <span class='ocrx_word' id='word_1_227' title='bbox 1478 2639 1840 2708; x_wconf 79' lang='lat' dir='ltr'>privilegiorum</span> <span class='ocrx_word' id='word_1_228' title='bbox 1862 2641 2046 2728; x_wconf 46' lang='grc' dir='ltr'>ἀνίας</span> <span class='ocrx_word' id='word_1_229' title='bbox 2067 2651 2312 2706; x_wconf 80' lang='lat' dir='ltr'>repararet.</span> 
     </span>
    </p>

    <p class='ocr_par' dir='ltr' id='par_1_8' title="bbox 488 2707 2547 3148">
     <span class='ocr_line' id='line_1_29' title="bbox 488 2707 2547 2797; baseline 0.002 -25"><span class='ocrx_word' id='word_1_230' title='bbox 488 2717 491 2720; x_wconf 82' lang='grc'><strong>’</strong></span> <span class='ocrx_word' id='word_1_231' title='bbox 568 2710 709 2794; x_wconf 82' lang='lat' dir='ltr'>·Qi</span> <span class='ocrx_word' id='word_1_232' title='bbox 754 2729 830 2772; x_wconf 93' lang='lat' dir='ltr'>eo</span> <span class='ocrx_word' id='word_1_233' title='bbox 875 2707 1127 2790; x_wconf 84' lang='lat' dir='ltr'>quidem·</span> <span class='ocrx_word' id='word_1_234' title='bbox 1173 2711 1363 2793; x_wconf 82' lang='lat' dir='ltr'>magis</span> <span class='ocrx_word' id='word_1_235' title='bbox 1410 2712 1473 2772; x_wconf 87' lang='lat' dir='ltr'>in</span> <span class='ocrx_word' id='word_1_236' title='bbox 1522 2709 1643 2774; x_wconf 87' lang='lat' dir='ltr'>istis</span> <span class='ocrx_word' id='word_1_237' title='bbox 1700 2709 2016 2784; x_wconf 76' lang='lat' dir='ltr'>laboravit,</span> <span class='ocrx_word' id='word_1_238' title='bbox 2075 2709 2248 2794; x_wconf 89' lang='lat' dir='ltr'>quod</span> <span class='ocrx_word' id='word_1_239' title='bbox 2295 2710 2547 2797; x_wconf 87' lang='lat' dir='ltr'>antiqua</span> 
     </span>
     <span class='ocr_line' id='line_1_30' title="bbox 492 2795 1828 2881; baseline -0.004 -19"><span class='ocrx_word' id='word_1_240' title='bbox 492 2797 673 2880; x_wconf 77' lang='lat' dir='ltr'>ipsius</span> <span class='ocrx_word' id='word_1_241' title='bbox 727 2795 983 2860; x_wconf 82' lang='lat' dir='ltr'>ecclefiae</span> <span class='ocrx_word' id='word_1_242' title='bbox 1025 2795 1333 2881; x_wconf 86' lang='lat' dir='ltr'>privilegia</span> <span class='ocrx_word' id='word_1_243' title='bbox 1382 2799 1445 2860; x_wconf 91' lang='lat' dir='ltr'>in</span> <span class='ocrx_word' id='word_1_244' title='bbox 1496 2817 1563 2860; x_wconf 88' lang='lat' dir='ltr'>ea</span> <span class='ocrx_word' id='word_1_245' title='bbox 1610 2797 1828 2860; x_wconf 86' lang='lat' dir='ltr'>confla-</span> 
     </span>
     <span class='ocr_line' id='line_1_31' title="bbox 493 2884 1825 2968; baseline 0.001 -21"><span class='ocrx_word' id='word_1_246' title='bbox 493 2885 795 2968; x_wconf 87' lang='lat' dir='ltr'>gratione,</span> <span class='ocrx_word' id='word_1_247' title='bbox 861 2903 1005 2967; x_wconf 79' lang='lat' dir='ltr'>quae</span> <span class='ocrx_word' id='word_1_248' title='bbox 1054 2884 1307 2948; x_wconf 87' lang='lat' dir='ltr'>eandem</span> <span class='ocrx_word' id='word_1_249' title='bbox 1358 2884 1657 2948; x_wconf 81' lang='lat' dir='ltr'>ecclefiam</span> <span class='ocrx_word' id='word_1_250' title='bbox 1721 2905 1754 2965; x_wconf 89' lang='lat'>3</span> <span class='ocrx_word' id='word_1_251' title='bbox 1773 2889 1825 2948; x_wconf 54' lang='grc' dir='ltr'>Ἰ.</span> 
     </span>
     <span class='ocr_line' id='line_1_32' title="bbox 494 2969 1828 3058; baseline -0.003 -19"><span class='ocrx_word' id='word_1_252' title='bbox 494 2987 631 3039; x_wconf 81' lang='lat' dir='ltr'>ante</span> <span class='ocrx_word' id='word_1_253' title='bbox 652 3005 657 3010; x_wconf 95' lang='lat'>·</span> <span class='ocrx_word' id='word_1_254' title='bbox 682 2969 771 3034; x_wconf 85' lang='lat' dir='ltr'>sui</span> <span class='ocrx_word' id='word_1_255' title='bbox 826 2970 1107 3036; x_wconf 83' lang='lat' dir='ltr'>introitus</span> <span class='ocrx_word' id='word_1_256' title='bbox 1152 2993 1376 3038; x_wconf 88' lang='lat' dir='ltr'>annum</span> <span class='ocrx_word' id='word_1_257' title='bbox 1430 2970 1828 3058; x_wconf 71' lang='lat' dir='ltr'>consumpsit,</span> 
     </span>
     <span class='ocr_line' id='line_1_33' title="bbox 493 3060 1253 3148; baseline 0 -24"><span class='ocrx_word' id='word_1_258' title='bbox 493 3081 645 3148; x_wconf 85' lang='lat' dir='ltr'>pene</span> <span class='ocrx_word' id='word_1_259' title='bbox 670 3060 871 3124; x_wconf 83' lang='lat' dir='ltr'>omnia</span> <span class='ocrx_word' id='word_1_260' title='bbox 896 3060 1253 3126; x_wconf 82' lang='lat' dir='ltr'>interierant.</span> 
     </span>
    </p>
   </div>
   <div class='ocr_carea' id='block_1_5' title="bbox 1882 2840 2888 3192">
    <p class='ocr_par' dir='ltr' id='par_1_9' title="bbox 1882 2840 2888 3192">
     <span class='ocr_line' id='line_1_34' title="bbox 1882 2840 2878 2914; baseline 0.012 -13"><span class='ocrx_word' id='word_1_261' title='bbox 1882 2891 1890 2894; x_wconf 90' lang='lat'>-</span> <span class='ocrx_word' id='word_1_262' title='bbox 1959 2840 2214 2906; x_wconf 81' lang='lat' dir='ltr'>Ecclesia</span> <span class='ocrx_word' id='word_1_263' title='bbox 2227 2846 2288 2906; x_wconf 87' lang='lat' dir='ltr'>S.</span> <span class='ocrx_word' id='word_1_264' title='bbox 2306 2843 2623 2908; x_wconf 84' lang='lat' dir='ltr'>Salvatoris</span> <span class='ocrx_word' id='word_1_265' title='bbox 2639 2857 2728 2908; x_wconf 85' lang='lat' dir='ltr'>ter</span> <span class='ocrx_word' id='word_1_266' title='bbox 2739 2862 2878 2914; x_wconf 83' lang='lat' dir='ltr'>ante</span> 
     </span>
     <span class='ocr_line' id='line_1_35' title="bbox 1917 2930 2888 3019; baseline 0.006 -27"><span class='ocrx_word' id='word_1_267' title='bbox 1917 2943 2185 3012; x_wconf 87' lang='lat' dir='ltr'>tempore</span> <span class='ocrx_word' id='word_1_268' title='bbox 2207 2930 2529 2994; x_wconf 86' lang='lat' dir='ltr'>Lanfranci</span> <span class='ocrx_word' id='word_1_269' title='bbox 2549 2933 2888 3019; x_wconf 79' lang='lat' dir='ltr'>conflagra·&#39;</span> 
     </span>
     <span class='ocr_line' id='line_1_36' title="bbox 1914 3019 2878 3109; baseline 0.007 -29"><span class='ocrx_word' id='word_1_270' title='bbox 1914 3019 2024 3080; x_wconf 83' lang='lat' dir='ltr'>vit.</span> <span class='ocrx_word' id='word_1_271' title='bbox 2053 3021 2400 3084; x_wconf 76' lang='lat' dir='ltr'>Conventus</span> <span class='ocrx_word' id='word_1_272' title='bbox 2413 3022 2758 3105; x_wconf 88' lang='lat' dir='ltr'>principum</span> <span class='ocrx_word' id='word_1_273' title='bbox 2767 3045 2878 3109; x_wconf 89' lang='lat' dir='ltr'>pro</span> 
     </span>
     <span class='ocr_line' id='line_1_37' title="bbox 1915 3105 2876 3192; baseline 0.008 -23"><span class='ocrx_word' id='word_1_274' title='bbox 1915 3107 2196 3189; x_wconf 82' lang='lat' dir='ltr'>querelis,</span> <span class='ocrx_word' id='word_1_275' title='bbox 2229 3105 2263 3168; x_wconf 74' lang='grc' dir='ltr'>ὲ</span> <span class='ocrx_word' id='word_1_276' title='bbox 2283 3106 2627 3174; x_wconf 88' lang='lat' dir='ltr'>Lanfranco</span> <span class='ocrx_word' id='word_1_277' title='bbox 2649 3111 2722 3176; x_wconf 89' lang='lat' dir='ltr'>de</span> <span class='ocrx_word' id='word_1_278' title='bbox 2733 3112 2876 3192; x_wconf 82' lang='lat' dir='ltr'>jure</span> 
     </span>
    </p>
   </div>
   <div class='ocr_carea' id='block_1_6' title="bbox 1466 3182 2540 3262">
    <p class='ocr_par' dir='ltr' id='par_1_10' title="bbox 1466 3182 2540 3262">
     <span class='ocr_line' id='line_1_38' title="bbox 1466 3182 2540 3262; baseline 0.003 -7"><span class='ocrx_word' id='word_1_279' title='bbox 1466 3182 1529 3216; x_wconf 75' lang='lat'>¹¹⁰</span> <span class='ocrx_word' id='word_1_280' title='bbox 1915 3195 2061 3257; x_wconf 88' lang='lat' dir='ltr'>eccl:</span> <span class='ocrx_word' id='word_1_281' title='bbox 2095 3191 2217 3260; x_wconf 86' lang='lat' dir='ltr'>suae</span> <span class='ocrx_word' id='word_1_282' title='bbox 2243 3195 2540 3262; x_wconf 60' lang='lat' dir='ltr'>adduciis.</span> 
     </span>
    </p>
   </div>
   <div class='ocr_carea' id='block_1_7' title="bbox 494 3231 2818 4182">
    <p class='ocr_par' dir='ltr' id='par_1_11' title="bbox 494 3231 1828 3408">
     <span class='ocr_line' id='line_1_39' title="bbox 578 3231 1828 3320; baseline 0.002 -22"><span class='ocrx_word' id='word_1_283' title='bbox 578 3231 883 3320; x_wconf 88' lang='lat' dir='ltr'>Dispofito</span> <span class='ocrx_word' id='word_1_284' title='bbox 932 3235 1136 3318; x_wconf 81' lang='lat' dir='ltr'>itaque</span> <span class='ocrx_word' id='word_1_285' title='bbox 1170 3235 1337 3318; x_wconf 85' lang='lat' dir='ltr'>apud</span> <span class='ocrx_word' id='word_1_286' title='bbox 1380 3236 1647 3301; x_wconf 88' lang='lat' dir='ltr'>Pindene</span> <span class='ocrx_word' id='word_1_287' title='bbox 1685 3257 1828 3301; x_wconf 86' lang='lat' dir='ltr'>con·</span> 
     </span>
     <span class='ocr_line' id='line_1_40' title="bbox 494 3324 1220 3408; baseline -0.001 -20"><span class='ocrx_word' id='word_1_288' title='bbox 494 3339 677 3388; x_wconf 74' lang='lat' dir='ltr'>ventu</span> <span class='ocrx_word' id='word_1_289' title='bbox 702 3325 1066 3408; x_wconf 80' lang='lat' dir='ltr'>principum,</span> <span class='ocrx_word' id='word_1_290' title='bbox 1108 3324 1220 3388; x_wconf 74' lang='grc' dir='ltr'>ὅτε.</span> 
     </span>
    </p>

    <p class='ocr_par' dir='ltr' id='par_1_12' title="bbox 498 3410 2548 3584">
     <span class='ocr_line' id='line_1_41' title="bbox 578 3410 2546 3496; baseline 0.001 -20"><span class='ocrx_word' id='word_1_291' title='bbox 578 3415 741 3476; x_wconf 88' lang='lat' dir='ltr'>Nam</span> <span class='ocrx_word' id='word_1_292' title='bbox 770 3432 936 3487; x_wconf 82' lang='lat' dir='ltr'>mox,</span> <span class='ocrx_word' id='word_1_293' title='bbox 969 3427 1039 3472; x_wconf 88' lang='lat' dir='ltr'>ut</span> <span class='ocrx_word' id='word_1_294' title='bbox 1062 3411 1195 3484; x_wconf 89' lang='lat' dir='ltr'>alia,</span> <span class='ocrx_word' id='word_1_295' title='bbox 1242 3431 1384 3496; x_wconf 86' lang='lat' dir='ltr'>quae</span> <span class='ocrx_word' id='word_1_296' title='bbox 1414 3433 1724 3496; x_wconf 85' lang='lat' dir='ltr'>perperam</span> <span class='ocrx_word' id='word_1_297' title='bbox 1745 3412 1932 3496; x_wconf 78' lang='lat' dir='ltr'>gestit,</span> <span class='ocrx_word' id='word_1_298' title='bbox 1968 3427 1992 3460; x_wconf 75' lang='lat'><strong><em>⁶</em></strong></span> <span class='ocrx_word' id='word_1_299' title='bbox 2012 3410 2331 3488; x_wconf 83' lang='lat' dir='ltr'>omittam&#39;&#39;‚</span> <span class='ocrx_word' id='word_1_300' title='bbox 2364 3410 2546 3496; x_wconf 83' lang='lat' dir='ltr'>ipsam</span> 
     </span>
     <span class='ocr_line' id='line_1_42' title="bbox 498 3497 2548 3584; baseline 0.001 -20"><span class='ocrx_word' id='word_1_301' title='bbox 498 3500 675 3564; x_wconf 86' lang='lat' dir='ltr'>totius</span> <span class='ocrx_word' id='word_1_302' title='bbox 704 3501 965 3584; x_wconf 86' lang='lat' dir='ltr'>Angliae,</span> <span class='ocrx_word' id='word_1_303' title='bbox 1020 3502 1253 3578; x_wconf 83' lang='lat' dir='ltr'>Scotiae,</span> <span class='ocrx_word' id='word_1_304' title='bbox 1294 3499 1354 3562; x_wconf 78' lang='grc' dir='ltr'>δε</span> <span class='ocrx_word' id='word_1_305' title='bbox 1388 3501 1713 3578; x_wconf 80' lang='lat' dir='ltr'>Hiberniae,</span> <span class='ocrx_word' id='word_1_306' title='bbox 1749 3521 1932 3566; x_wconf 86' lang='lat' dir='ltr'>necne</span> <span class='ocrx_word' id='word_1_307' title='bbox 1955 3500 2352 3582; x_wconf 79' lang='lat' dir='ltr'>&#39;adjacentium</span> <span class='ocrx_word' id='word_1_308' title='bbox 2391 3497 2548 3568; x_wconf 80' lang='lat' dir='ltr'>insu&#39;·</span> 
     </span>
    </p>

    <p class='ocr_par' dir='ltr' id='par_1_13' title="bbox 1758 3608 2440 3670">
     <span class='ocr_line' id='line_1_43' title="bbox 1758 3608 2440 3670; baseline 0.003 -11"><span class='ocrx_word' id='word_1_309' title='bbox 1758 3661 1764 3670; x_wconf 73' lang='grc'>,</span> <span class='ocrx_word' id='word_1_310' title='bbox 1989 3610 2093 3659; x_wconf 85' lang='lat' dir='ltr'>sub:</span> <span class='ocrx_word' id='word_1_311' title='bbox 2115 3608 2235 3659; x_wconf 80' lang='lat' dir='ltr'>cul:</span> <span class='ocrx_word' id='word_1_312' title='bbox 2257 3611 2440 3662; x_wconf 83' lang='lat' dir='ltr'>Rufus.</span> 
     </span>
    </p>

    <p class='ocr_par' dir='ltr' id='par_1_14' title="bbox 500 3671 2237 3752">
     <span class='ocr_line' id='line_1_44' title="bbox 500 3671 2237 3752; baseline 0.003 -17"><span class='ocrx_word' id='word_1_313' title='bbox 500 3672 687 3739; x_wconf 84' lang='lat' dir='ltr'>larum</span> <span class='ocrx_word' id='word_1_314' title='bbox 718 3671 749 3720; x_wconf 80' lang='lat' dir='ltr'><em>d</em></span> <span class='ocrx_word' id='word_1_315' title='bbox 779 3671 1085 3752; x_wconf 81' lang='lat' dir='ltr'>matrem&#39;&#39;,</span> <span class='ocrx_word' id='word_1_316' title='bbox 1114 3675 1425 3746; x_wconf 73' lang='lat' dir='ltr'>ecclesiam</span> <span class='ocrx_word' id='word_1_317' title='bbox 1442 3675 1659 3742; x_wconf 82' lang='lat' dir='ltr'>scilicet</span> <span class='ocrx_word' id='word_1_318' title='bbox 1690 3682 1977 3743; x_wconf 82' lang='lat' dir='ltr'>Cantuar:</span> <span class='ocrx_word' id='word_1_319' title='bbox 2009 3677 2237 3742; x_wconf 78' lang='lat' dir='ltr'>invasit.</span> 
     </span>
    </p>

    <p class='ocr_par' dir='ltr' id='par_1_15' title="bbox 500 3763 2818 4182">
     <span class='ocr_line' id='line_1_45' title="bbox 580 3763 2544 3849; baseline 0.003 -25"><span class='ocrx_word' id='word_1_320' title='bbox 580 3766 819 3849; x_wconf 82' lang='lat' dir='ltr'>Qarto</span> <span class='ocrx_word' id='word_1_321' title='bbox 847 3764 1001 3826; x_wconf 85' lang='lat' dir='ltr'>inter</span> <span class='ocrx_word' id='word_1_322' title='bbox 1030 3763 1161 3826; x_wconf 82' lang='lat' dir='ltr'>haec</span> <span class='ocrx_word' id='word_1_323' title='bbox 1200 3785 1356 3828; x_wconf 87' lang='lat' dir='ltr'>anno</span> <span class='ocrx_word' id='word_1_324' title='bbox 1384 3769 1589 3849; x_wconf 90' lang='lat' dir='ltr'>Hug0,</span> <span class='ocrx_word' id='word_1_325' title='bbox 1638 3787 1838 3830; x_wconf 87' lang='lat' dir='ltr'>comes</span> <span class='ocrx_word' id='word_1_326' title='bbox 1868 3763 2204 3840; x_wconf 82' lang='lat' dir='ltr'>Cestrenfis,</span> <span class='ocrx_word' id='word_1_327' title='bbox 2251 3767 2452 3830; x_wconf 81' lang='lat' dir='ltr'>volens</span> <span class='ocrx_word' id='word_1_328' title='bbox 2479 3767 2544 3830; x_wconf 89' lang='lat' dir='ltr'>in</span> 
     </span>
     <span class='ocr_line' id='line_1_46' title="bbox 500 3847 2780 3933; baseline 0.001 -19"><span class='ocrx_word' id='word_1_329' title='bbox 500 3847 597 3914; x_wconf 86' lang='lat' dir='ltr'>sua</span> <span class='ocrx_word' id='word_1_330' title='bbox 626 3851 886 3933; x_wconf 84' lang='lat' dir='ltr'>quadam</span> <span class='ocrx_word' id='word_1_331' title='bbox 916 3850 1153 3914; x_wconf 77' lang='lat' dir='ltr'>ecclesia</span> <span class='ocrx_word' id='word_1_332' title='bbox 1180 3855 1617 3917; x_wconf 89' lang='lat' dir='ltr'>monachorum</span> <span class='ocrx_word' id='word_1_333' title='bbox 1664 3850 1964 3918; x_wconf 88' lang='lat' dir='ltr'>abbatiam</span> <span class='ocrx_word' id='word_1_334' title='bbox 1995 3853 2318 3929; x_wconf 88' lang='lat' dir='ltr'>instituere,</span> <span class='ocrx_word' id='word_1_335' title='bbox 2369 3855 2575 3918; x_wconf 74' lang='lat' dir='ltr'>missis·</span> <span class='ocrx_word' id='word_1_336' title='bbox 2773 3895 2780 3900; x_wconf 96' lang='lat'>-</span> 
     </span>
     <span class='ocr_line' id='line_1_47' title="bbox 500 3939 2790 4025; baseline 0.002 -25"><span class='ocrx_word' id='word_1_337' title='bbox 500 3941 757 4002; x_wconf 89' lang='lat' dir='ltr'>Beccum</span> <span class='ocrx_word' id='word_1_338' title='bbox 812 3939 1055 4015; x_wconf 84' lang='lat' dir='ltr'>nuntiis,</span> <span class='ocrx_word' id='word_1_339' title='bbox 1117 3943 1351 4024; x_wconf 90' lang='lat' dir='ltr'>rogavit</span> <span class='ocrx_word' id='word_1_340' title='bbox 1396 3941 1674 4006; x_wconf 89' lang='lat' dir='ltr'>abbatem</span> <span class='ocrx_word' id='word_1_341' title='bbox 1723 3939 2073 4006; x_wconf 85' lang='lat' dir='ltr'>Anselmum</span> <span class='ocrx_word' id='word_1_342' title='bbox 2115 3943 2404 4025; x_wconf 86' lang='lat' dir='ltr'>Angliam</span> <span class='ocrx_word' id='word_1_343' title='bbox 2447 3964 2546 4006; x_wconf 88' lang='lat' dir='ltr'>ve·</span> <span class='ocrx_word' id='word_1_344' title='bbox 2570 3939 2790 3992; x_wconf 71' lang='lat' dir='ltr'>Ansetmi</span> 
     </span>
     <span class='ocr_line' id='line_1_48' title="bbox 501 4007 2818 4114; baseline 0.002 -26"><span class='ocrx_word' id='word_1_345' title='bbox 501 4025 643 4103; x_wconf 83' lang='lat' dir='ltr'>nire,</span> <span class='ocrx_word' id='word_1_346' title='bbox 686 4028 892 4090; x_wconf 91' lang='lat' dir='ltr'>locum</span> <span class='ocrx_word' id='word_1_347' title='bbox 940 4025 1237 4110; x_wconf 88' lang='lat' dir='ltr'>inspicere,</span> <span class='ocrx_word' id='word_1_348' title='bbox 1286 4047 1549 4114; x_wconf 86' lang='lat' dir='ltr'>eumque</span> <span class='ocrx_word' id='word_1_349' title='bbox 1596 4050 1701 4114; x_wconf 85' lang='lat' dir='ltr'>per</span> <span class='ocrx_word' id='word_1_350' title='bbox 1747 4029 2070 4098; x_wconf 84' lang='lat' dir='ltr'>monachos</span> <span class='ocrx_word' id='word_1_351' title='bbox 2113 4027 2248 4094; x_wconf 89' lang='lat' dir='ltr'>suos</span> <span class='ocrx_word' id='word_1_352' title='bbox 2294 4030 2550 4114; x_wconf 81' lang='lat' dir='ltr'>regulari</span> <span class='ocrx_word' id='word_1_353' title='bbox 2573 4007 2818 4060; x_wconf 80' lang='lat' dir='ltr'>adventus.</span> 
     </span>
     <span class='ocr_line' id='line_1_49' title="bbox 502 4112 1311 4182; baseline 0.004 -4"><span class='ocrx_word' id='word_1_354' title='bbox 502 4112 935 4178; x_wconf 80' lang='lat' dir='ltr'>&#39;conversatione</span> <span class='ocrx_word' id='word_1_355' title='bbox 965 4113 1311 4182; x_wconf 86' lang='lat' dir='ltr'>informare.</span> 
     </span>
    </p>
   </div>
   <div class='ocr_carea' id='block_1_8' title="bbox 579 4201 2883 4292">
    <p class='ocr_par' dir='ltr' id='par_1_16' title="bbox 579 4201 2883 4292">
     <span class='ocr_line' id='line_1_50' title="bbox 579 4201 2883 4292; baseline 0.003 -26"><span class='ocrx_word' id='word_1_356' title='bbox 579 4201 893 4268; x_wconf 60' lang='lat' dir='ltr'>Profectus</span> <span class='ocrx_word' id='word_1_357' title='bbox 921 4201 1109 4288; x_wconf 79' lang='lat' dir='ltr'>igitur</span> <span class='ocrx_word' id='word_1_358' title='bbox 1136 4225 1299 4270; x_wconf 81' lang='lat' dir='ltr'>mare</span> <span class='ocrx_word' id='word_1_359' title='bbox 1336 4205 1563 4284; x_wconf 85' lang='lat' dir='ltr'>tranfit,</span> <span class='ocrx_word' id='word_1_360' title='bbox 1608 4209 1669 4270; x_wconf 86' lang='lat'>&amp;</span> <span class='ocrx_word' id='word_1_361' title='bbox 1698 4204 1908 4270; x_wconf 84' lang='lat' dir='ltr'>Dofris</span> <span class='ocrx_word' id='word_1_362' title='bbox 1933 4204 2343 4292; x_wconf 85' lang='lat' dir='ltr'>appulsus-est.</span> <span class='ocrx_word' id='word_1_363' title='bbox 2576 4207 2744 4256; x_wconf 77' lang='lat' dir='ltr'>Dofris</span> <span class='ocrx_word' id='word_1_364' title='bbox 2769 4221 2883 4272; x_wconf 58' lang='lat'>1³0¹*-</span> 
     </span>
    </p>
   </div>
   <div class='ocr_carea' id='block_1_9' title="bbox 594 4285 2667 4462">
    <p class='ocr_par' dir='ltr' id='par_1_17' title="bbox 594 4285 2667 4462">
     <span class='ocr_line' id='line_1_51' title="bbox 594 4285 2667 4462; baseline -0.005 -88"><span class='ocrx_word' id='word_1_365' title='bbox 594 4337 624 4374; x_wconf 82' lang='lat' dir='ltr'>a</span> <span class='ocrx_word' id='word_1_366' title='bbox 657 4323 806 4377; x_wconf 76' lang='lat' dir='ltr'>Foras</span> <span class='ocrx_word' id='word_1_367' title='bbox 828 4321 891 4376; x_wconf 84' lang='lat' dir='ltr'>al.</span> <span class='ocrx_word' id='word_1_368' title='bbox 957 4321 982 4374; x_wconf 79' lang='lat' dir='ltr'><em>b</em></span> <span class='ocrx_word' id='word_1_369' title='bbox 1014 4321 1091 4377; x_wconf 74' lang='lat' dir='ltr'>Ex</span> <span class='ocrx_word' id='word_1_370' title='bbox 1114 4323 1207 4380; x_wconf 80' lang='lat' dir='ltr'>Ed:</span> <span class='ocrx_word' id='word_1_371' title='bbox 1232 4321 1518 4384; x_wconf 72' lang='lat' dir='ltr'>Seldeniana.</span> <span class='ocrx_word' id='word_1_372' title='bbox 1582 4341 1607 4378; x_wconf 89' lang='lat' dir='ltr'>c</span> <span class='ocrx_word' id='word_1_373' title='bbox 1640 4325 1718 4382; x_wconf 72' lang='lat' dir='ltr'>Ex</span> <span class='ocrx_word' id='word_1_374' title='bbox 1741 4323 1835 4379; x_wconf 82' lang='lat' dir='ltr'>Ed:</span> <span class='ocrx_word' id='word_1_375' title='bbox 1859 4324 1982 4380; x_wconf 82' lang='lat' dir='ltr'>Seld.</span> <span class='ocrx_word' id='word_1_376' title='bbox 2051 4326 2082 4379; x_wconf 79' lang='lat' dir='ltr'><em>d</em></span> <span class='ocrx_word' id='word_1_377' title='bbox 2110 4327 2185 4383; x_wconf 70' lang='lat' dir='ltr'>Ex</span> <span class='ocrx_word' id='word_1_378' title='bbox 2207 4326 2303 4383; x_wconf 84' lang='lat' dir='ltr'>Ed:</span> <span class='ocrx_word' id='word_1_379' title='bbox 2331 4325 2485 4462; x_wconf 39' lang='lat' dir='ltr'>,Elath</span> <span class='ocrx_word' id='word_1_380' title='bbox 2573 4285 2667 4324; x_wconf 87' lang='lat' dir='ltr'>tus.</span> 
     </span>
     <span class='ocr_line' id='line_1_52' title="bbox 2413 4415 2557 4458; baseline 0.014 -2"><span class='ocrx_word' id='word_1_381' title='bbox 2413 4415 2449 4456; x_wconf 76' lang='grc' dir='ltr'>ιι</span> <span class='ocrx_word' id='word_1_382' title='bbox 2469 4417 2557 4458; x_wconf 61' lang='lat' dir='ltr'>‘ro</span> 
     </span>
    </p>
   </div>
  </div>
 </body>
</html>
