3414 4866
534 174 667 245 262
1177 174 1782 252 JOANNIS
1883 172 2530 237 LELANDI

521 336 640 401 rag,
663 350 776 395 227,
827 304 1091 379 uberior,
1122 300 1327 389 sapore
1346 304 1695 385 jucundior.
1770 302 1924 365 Vina
1951 300 2074 387 ipsa
2101 302 2440 373 bibentium
2459 324 2562 369 ora
2590 301 2744 367 tristi
2771 325 2932 375 non

668 413 773 477 ὓ
829 408 1115 477 torquent
1142 391 1434 468 acredine,
1458 396 1687 476 quippe
1715 411 1856 475 quae
1882 412 2094 473 parum
2123 392 2379 455 debeant
2408 392 2655 457 Gallicis
2681 392 2928 457 dulce-

828 480 992 545 dine.
1081 479 1257 543 Villae
1304 479 1798 553 innumerabiles,
1864 480 2121 543 abbatiae
2173 479 2528 564 praestantes,
2593 481 2712 543 vici
2775 480 2924 545 fre·

827 582 1123 653 quentes;
1156 566 1376 653 quibus
1396 570 1681 633 omnibus
1707 568 1935 629 accedit
1951 570 2027 631 ad
2045 568 2299 651 gloriam
2317 568 2426 633 fluz
2464 568 2736 643 Sabrina,
2765 590 2924 652 quo

828 656 1029 725 nullus
1069 660 1135 721 in
1174 658 1286 719 hac
1330 670 1485 719 terra
1521 657 1689 719 alveo
1717 656 1912 733 latior,
1956 658 2198 741 gurgite
2227 654 2514 739 rapacior,
2554 672 2582 703 ⁶
2615 673 2750 719 arte
2783 654 2916 741 pis·

830 742 1041 808 cofior.
1134 748 1204 806 In
1235 764 1307 805 eo
1346 743 1734 827 quotidianus
1773 764 2066 827 aquarum
2097 742 2286 819 furor,
2334 746 2502 827 quod
2533 740 2558 789 ὗ
2594 744 2689 807 vel
2718 766 2914 807 vora-

824 835 1029 919 ginem
1076 833 1169 895 vel
1194 830 1545 917 vertiginem
1591 833 1889 895 undarum
1919 833 2119 897 dicam
2159 831 2371 910 nesciO,
2415 830 2612 897 fundo
2655 830 2734 897 ab
2765 833 2910 895 imo

818 942 1067 986 *verrens
1098 920 1365 996 harenaS,
1412 920 1470 983 &
1512 922 1878 1005 conglobans
1918 923 1976 985 in
2002 922 2316 983 cumulum
2345 942 2486 985 cum
2526 923 2762 1003 impetu
2793 941 2906 983 ve-

826 1010 937 1085 nit,
1008 1029 1119 1071 nec
1168 1010 1325 1072 ultra
1382 1024 1630 1091 pontem
1684 1008 2007 1091 pertendit.
2097 1012 2548 1091 Nonnunquam
2611 1008 2673 1071 8(
2728 1010 2902 1091 ripas

830 1094 1211 1171 transcendit,
1252 1110 1275 1142 ⁶
1299 1097 1358 1158 &
1396 1118 1613 1181 magna
1644 1113 1808 1179 parte
1835 1099 2081 1160 circuita
2113 1114 2282 1163 terrae
2307 1098 2496 1159 vidior
2526 1096 2896 1178 regreditur.

829 1182 1051 1248 Infelix
1092 1186 1277 1259 navis,
1325 1184 1368 1246 fi
1400 1205 1586 1267 quam
1626 1183 1663 1248 ὲ
1688 1185 1869 1246 latere
1897 1187 2181 1268 attigerit.
2271 1188 2487 1253 Nautae
2527 1198 2690 1245 certe
2717 1185 2894 1268 gnari

824 1290 970 1335 cnm
1016 1272 1219 1335 vident
1268 1272 1431 1335 iilam
1488 1275 1737 1357 Higram
1803 1272 1908 1351 (fic
1951 1272 2114 1336 enim
2165 1271 2420 1355 Anglice
2469 1274 2718 1353 vocant)
2785 1293 2890 1335 ve·

826 1360 978 1436 nire,
1026 1382 1236 1423 navem
1287 1362 1625 1439 obvertunt,
1672 1363 1732 1425 &
1779 1383 1885 1447 per
1923 1362 2196 1431 medium
2245 1358 2498 1427 secantes
2535 1360 2888 1423 violentiam

828 1450 960 1530 ejus
988 1449 1243 1513 elidunt.

918 1542 992 1600 In
1021 1536 1235 1599 eadem
1258 1535 1407 1597 valle
1435 1534 1519 1601 est
1558 1537 1728 1601 vicus
1753 1536 2194 1613 celeberrirnus,
2239 1534 2472 1600 Bristou
2506 1536 2777 1612 nomine,
2825 1536 2890 1599 in

828 1644 959 1707 quo
1005 1622 1087 1685 est
1140 1639 1373 1705 portuS,
1419 1624 1496 1686 ab
1546 1628 1853 1701 Hibernia,
1899 1626 1958 1689 &
1999 1627 2282 1708 Noregia,
2327 1621 2650 1705 ceterisque
2700 1620 2894 1687 trans·

830 1713 1070 1774 marinis
1116 1712 1279 1773 terris
1326 1714 1690 1777 venientium
1750 1712 2203 1796 receptaculum,
2255 1711 2286 1761 d
2316 1735 2392 1776 ne
2442 1711 2658 1775 scilicet
2711 1713 2888 1793 geni-

830 1800 1053 1861 talibus
1082 1797 1303 1861 divitiis
1335 1816 1461 1863 tam
1486 1797 1792 1865 fortunata
1833 1802 1997 1885 regio
2026 1803 2472 1885 peregrinarum
2497 1820 2689 1882 opum
2716 1798 2892 1863 frau-

826 1886 1071 1953 daretur
1097 1888 1477 1967 commerciO.
1927 1910 1938 1919 ·

508 2012 515 2017 ·
712 1988 729 2025 ί
990 1998 997 2005 ·
1632 1975 1736 2039 Est
1781 1998 1924 2061 ergo
1963 1978 2024 2043 in
2066 1974 2188 2059 ipsa
2230 1977 2463 2039 civitate
2495 1971 2894 2044 Gloecestriae

550 2061 874 2139 AldreduS,
892 2060 1357 2147 archiepiscopus
1376 2066 1457 2127 E·
1549 2069 1609 2131 S.
1642 2064 1802 2131 Petri
1847 2062 2286 2141 monasterium,
2345 2063 2516 2146 quod
2553 2063 2635 2125 ibi
2662 2062 2888 2128 Aldre—

494 2146 636 2216 bor:
660 2150 1271 2216 autormonasteriiS.
1298 2152 1465 2216 Petri
1546 2154 1693 2215 dum
1747 2149 2250 2235 archiepiscopum
2298 2151 2572 2232 iucepiss'e
2623 2172 2746 2217 non
2793 2148 2886 2213 se,

432 2250 443 2265 ¹
501 2240 790 2304 Claudiae.
886 2273 891 2279 ·
1542 2241 1659 2305 mel
1686 2240 1834 2305 dixi.
1911 2242 2138 2304 Paucos
2160 2240 2265 2312 ibi,
2299 2242 2501 2313 &non
2532 2238 2669 2322 plus
2693 2258 2884 2320 quam

530 2330 712 2391 ·Fnit
736 2330 833 2390 hic
856 2326 1111 2389 Alredus
1134 2326 1457 2391 monachus
1544 2343 1661 2391 tres
1713 2327 2036 2389 monachos
2087 2328 2306 2397 invenlt
2355 2327 2536 2389 abbas
2591 2326 2777 2401 Ser10,
2841 2324 2900 2391 a.

499 2415 835 2491 VentanuS‚·
890 2416 1105 2478 deinde
1155 2412 1461 2499 episcopus
1543 2438 1684 2500 rege
1737 2416 2046 2483 Gulielmo
2117 2418 2360 2479 seniore
2428 2415 2656 2476 donum
2727 2413 2879 2476 exile

497 2508 889 2583 Wicciorum,
914 2524 1035 2588 qua
1055 2503 1186 2568 sede
1205 2520 1451 2582 retenta,
1542 2506 1817 2587 adeptus,
1908 2504 2021 2567 Sed
2061 2521 2356 2587 quantum
2385 2503 2482 2564 dei
2519 2503 2710 2585 gratia
2740 2521 2880 2568 cum

954 2613 1151 2663 confess:
1544 2591 1703 2654 illius
1762 2590 2095 2674 conspirans
2151 2589 2438 2656 industria
2516 2591 2715 2652 locum
2772 2610 2880 2652 ex·-

498 2682 872 2768 simplicitate
910 2682 1218 2744 Eduuardi
1256 2678 1459 2754 fastus
1546 2680 1748 2763 tulerit
1793 2681 1984 2758 illum,
2031 2680 2167 2764 quis
2195 2699 2462 2762 congrua
2489 2677 2744 2761 explicet
2787 2673 2877 2742 far·

501 2771 585 2832 est
614 2767 1083 2852 archiepiscopus
1112 2771 1300 2833 Ebor:
1544 2767 1807 2831 cundia?

586 2856 1111 2922 Fanum-osualdi.
1630 2857 1918 2918 Fremunt
1973 2855 2048 2918 de
2104 2859 2166 2918 S.
2223 2851 2532 2915 osuualdo
2585 2851 2877 2927 canonici,

586 2947 853 3008 Thot‘nas
874 2967 951 3008 ex
974 2943 1261 3008 canonico
1281 2931 1489 3022 Bajo·'
1542 2945 1710 3026 quod
1761 2958 1964 3016 terras,
2014 2963 2155 3025 quae
2201 2940 2315 3002 suae
2358 2942 2638 3002 deberent
2677 2936 2880 3000 famu.-

500 3032 657 3094 cenfi
684 3030 879 3095 fastus
918 3032 1035 3095 fuit
1070 3029 1457 3116 archiepisco·
1544 3033 1655 3096 lari
1709 3030 1994 3103 ecclefiae‚
2069 3030 2350 3093 Thomas
2403 3023 2886 3111 archiepiscopus

502 3140 616 3204 pus
644 3116 751 3184 sub
780 3121 932 3184 Gul:
964 3142 1123 3204 rege.
1544 3117 1854 3184 monachis
1885 3118 2136 3182 dederit.

2075 3225 2121 3274 A

918 3297 991 3357 In
1010 3291 1214 3356 eadem
1243 3294 1403 3356 enim
1434 3294 1581 3356 urbe
1605 3310 1872 3377 tempore
1901 3293 2056 3375 regis
2077 3289 2329 3366 Elfredi,
2362 3289 2478 3352 filia
2496 3290 2622 3370 ejus
2648 3287 2875 3351 Elfleda

829 3399 970 3444 cum
999 3383 1254 3464 conjuge
1299 3379 1404 3443 suo
1432 3383 1731 3444 Edelredo
1761 3379 2176 3443 monasterium
2215 3379 2664 3450 aedificaverant,
2711 3376 2877 3440 nulla

824 3469 1185 3553 ‘parsimonia
1214 3467 1580 3550 sumptuum,
1626 3469 1787 3531 nulla
1828 3467 2032 3550 inopia
2068 3465 2416 3529 vidiualium
2447 3491 2462 3526 ε
2510 3464 2774 3546 illucque
2803 3482 2879 3528 ex

1470 3575 1520 3622 su
1561 3573 1838 3628 :osuualdi

502 3665 779 3733 nerdenege.
830 3643 1133 3725 Bardanio
1174 3644 1451 3724 reliquias
1501 3591 1658 3725 rii-gis
1713 3640 2146 3715 transtulerant,
2201 3640 2368 3724 quod
2408 3638 2606 3702 omnis
2651 3639 2878 3704 Mercia

832 3751 1045 3792 eorum
1091 3747 1321 3812 pareret
1370 3731 1651 3810 imperiO.¹
1731 3729 1967 3792 floruit
2023 3729 2086 3791 id
2126 3729 2476 3790 coenobium
2515 3727 2590 3787 ad
2642 3741 2876 3806 tempus

829 3821 1164 3879 Danorum.
1256 3817 1392 3891 Sed,
1426 3817 1730 3883 monachis
1759 3819 1816 3879 vi
1851 3816 2182 3879 hostilitatis
2211 3812 2466 3897 dilapfis,
2511 3831 2652 3876 cum
2683 3815 2874 3876 archi·

826 3901 1079 3989 episcopi
1129 3904 1321 3967 Ebot:
1376 3904 1677 3967 occasione
1705 3897 2130 3988 wigorniensis
2171 3899 2545 3986 episcopatus
2586 3897 2870 3964 monaste·

890 4095 921 4124 a
946 4081 1023 4126 Ita
1044 4082 1069 4125 ὲ
1090 4078 1190 4128 Cod.
1216 4075 1374 4126 Seller.
1398 4076 1453 4126 ὰ
1468 4075 1557 4124 Ed.
1581 4076 1698 4124 Sav.
1757 4076 1826 4123 At
1846 4077 1892 4124 in
1907 4076 1978 4122 M
1982 4079 2027 4124 S.
2051 4075 2322 4124 Leland'aano
2343 4089 2482 4122 amne
2500 4073 2681 4139 legitur.
2747 4071 2773 4121 b
2797 4076 2871 4122 Ita

826 4142 961 4193 etiam
976 4143 1023 4191 in
1042 4145 1158 4193 MS.
1176 4141 1339 4191 Seller.
1389 4141 1479 4190 Sed
1497 4143 1541 4188 in
1564 4141 1653 4190 Ed.
1676 4143 1794 4190 Sav.
1813 4153 1975 4190 utrum
1999 4142 2276 4206 voraginem
2297 4140 2374 4188 vel
2397 4142 2493 4190 &a
2561 4154 2585 4186 c
2611 4143 2722 4186 Non
2739 4139 2872 4188 aliter

825 4207 959 4252 etiam
978 4208 1021 4254 in
1050 4210 1151 4256 Cod.
1174 4208 1329 4258 SeIIer.
1386 4207 1475 4255 Sed
1494 4205 1542 4254 δι
1566 4221 1740 4271 magna
1762 4206 1811 4254 vi
1839 4218 1970 4270 parte
1995 4207 2090 4254 irc.
2113 4207 2158 4254 in
2185 4206 2276 4254 Ed.
2296 4212 2406 4258 δαν.
2475 4203 2505 4253 d
2528 4205 2605 4253 Ita
2627 4205 2738 4254 MS.
2760 4201 2871 4253 Sell.

826 4273 881 4321 (φ
902 4271 991 4320 Ed.
1010 4275 1129 4324 δαν.
1152 4289 1257 4336 non,
1288 4280 1341 4322 ut
1360 4273 1407 4322 in
1434 4272 1535 4324 Cod.
1560 4272 1853 4334 Lelandiano,
1875 4288 1949 4322 ·ne
1969 4272 2014 4322 se
2033 4270 2228 4322 scilicet.
2415 4287 2428 4305 ν

754 4419 781 4424 ,
830 4423 837 4433 ,
2150 4417 2160 4431 ,
2715 4354 2864 4422 rium
