3414 4866
169 2881 371 2956 finum
404 2881 554 2939 filios
582 2881 714 2940 suos
744 2881 1124 2939 interfecerit.

264 2964 706 3028 Monasterium-
729 2962 1049 3026 fundatum
1080 2963 1242 3048 apud
1289 2966 1466 3026 Stone
1503 2966 1565 3027 in
1595 2964 1822 3027 honore
1851 2963 2126 3028 Wulfadi
2154 2967 2212 3045 ὃς

169 3051 410 3115 Rufini.

323 3156 367 3199 S.
393 3152 560 3219 Audry
1072 3152 1274 3215 accipere
1531 3173 1541 3193 ·
1691 3149 2012 3218 Coldingham

255 3220 578 3282 Ethelreda
623 3218 852 3302 optavit
899 3219 1102 3281 :velum
1151 3223 1210 3280 in
1254 3219 1530 3281 coenobio
1573 3218 1649 3279 de
1698 3220 2050 3295 Camwood,
2097 3221 2207 3284 ubi
2267 3281 2275 3284 -

159 3306 339 3370 Ebba
367 3304 488 3368 fuit
518 3306 816 3369 abbatissa.

257 3393 578 3456 Ethelreda
625 3394 893 3457 condidit
943 3392 1358 3456 monasterium
1404 3394 1466 3453 in
1514 3390 1694 3453 insula
1744 3393 2020 3468 Heliensi‚
2080 3414 2206 3455 uno

159 3479 458 3545 milliari
433 3504 464 3542 a
485 3482 623 3543 loco
649 3484 750 3543 ubi
781 3486 842 3544 S.
874 3481 1238 3564 Augustinus
1269 3478 1680 3541 monasterium
1712 3498 1880 3540 vetus
1908 3480 2200 3544 condidit.

251 3565 433 3631 Wulf
439 3570 568 3644 her,
599 3589 706 3633 rex
727 3573 912 3632 Merc.
939 3570 1208 3652 regnavit
1231 3569 1398 3633 annis
1429 3586 1451 3628 1
1471 3587 1528 3643 7.
1558 3568 1615 3629 δε
1642 3564 1908 3647 sepultus
1932 3566 2015 3627 est
2039 3569 2222 3648 apud-

158 3653 605 3825 ngoii'ssiissiga,
651 3758 947 3805 annuente
989 3741 1172 3803 fratre
1216 3739 1321 3803 suo
1351 3762 1490 3822 rege
1535 3738 1879 3814 EthelredO,
1926 3740 2197 3803 condidit

155 3829 583 3896 monasterium
615 3832 689 3892 de
724 3833 1008 3899 Trentam
1033 3830 1090 3891 &
1119 3831 1517 3911 Hamburg.
1454 3827 1477 3874 b
1971 3870 1974 3876 ι

247 3918 575 3980 Transtulit
617 3921 806 3988 etiam
840 3918 994 3978 aedes
1041 3917 1374 3979 AEthelredi
1429 3914 1592 4000 apud
1632 3914 1872 3976 Wedon
1917 3917 1977 3976 in
2023 3913 2198 3978 usum

152 4005 520 4069 monasterii.

908 4116 1130 4154 movente
1149 4108 1214 4154 W
1218 4103 1386 4153 alfrico
1408 4105 1499 4167 epi
1488 4104 1655 4166 “‘copo

242 4173 599 4236 Ethelredus
628 4193 733 4236 rex
759 4174 1027 4236 condidit
1055 4172 1368 4252 collegium
1402 4178 1461 4236 S.
1494 4170 1734 4249 joannis
1764 4170 1924 4253 apud
1950 4160 2196 4234 chestre

144 4282 308 4345 anno
332 4265 414 4327 D.
459 4266 610 4345 689.
652 4265 790 4324 teste
823 4260 1080 4324 Giraldo
1108 4260 1471 4324 Cambrenfi.

625 4410 657 4454 ,ᾳ
691 4394 776 4464 Sic.
907 4392 932 4443 b
951 4356 1107 4459 ’Hodie
1128 4390 1343 4454 Hgnbury
1365 4393 1408 4440 in
1433 4395 1553 4442 Com:
1580 4392 1717 4455 Stcff.

1088 4459 1093 4467 '
1149 4464 1290 4544 ΗΖ,
1371 4491 1378 4497 ·
1994 4396 2224 4536 Eme&-
