<?xml version="1.0" encoding="UTF-8"?>
<!DOCTYPE html PUBLIC "-//W3C//DTD XHTML 1.0 Transitional//EN"
    "http://www.w3.org/TR/xhtml1/DTD/xhtml1-transitional.dtd">
<html xmlns="http://www.w3.org/1999/xhtml" xml:lang="en" lang="en">
 <head>
  <title>
</title>
<meta http-equiv="Content-Type" content="text/html;charset=utf-8" />
  <meta name='ocr-system' content='tesseract 3.04.00' />
  <meta name='ocr-capabilities' content='ocr_page ocr_carea ocr_par ocr_line ocrx_word'/>
</head>
<body>
  <div class='ocr_page' id='page_1' title='image "./joannislelandia02heargoog_0171.png"; bbox 0 0 3414 4866; ppageno 0'>
   <div class='ocr_carea' id='block_1_1' title="bbox 749 104 2912 209">
    <p class='ocr_par' dir='ltr' id='par_1_1' title="bbox 749 104 2912 209">
     <span class='ocr_line' id='line_1_1' title="bbox 749 104 2912 209; baseline -0.003 -32"><span class='ocrx_word' id='word_1_1' title='bbox 749 109 1462 196; x_wconf 55' lang='lat' dir='ltr'>A‘NTIQUARII</span> <span class='ocrx_word' id='word_1_2' title='bbox 1547 104 2417 209; x_wconf 20' lang='lat' dir='ltr'><strong>C&#39;OLLECTANEAss</strong></span> <span class='ocrx_word' id='word_1_3' title='bbox 2784 105 2912 192; x_wconf 78' lang='lat'>165</span> 
     </span>
    </p>
   </div>
   <div class='ocr_carea' id='block_1_2' title="bbox 537 235 2621 770">
    <p class='ocr_par' dir='ltr' id='par_1_2' title="bbox 537 235 2621 770">
     <span class='ocr_line' id='line_1_2' title="bbox 537 235 2621 326; baseline -0.004 -12"><span class='ocrx_word' id='word_1_4' title='bbox 537 249 790 324; x_wconf 83' lang='lat' dir='ltr'>dicitur,</span> <span class='ocrx_word' id='word_1_5' title='bbox 821 247 947 310; x_wconf 87' lang='lat' dir='ltr'>duo</span> <span class='ocrx_word' id='word_1_6' title='bbox 976 245 1117 309; x_wconf 62' lang='lat' dir='ltr'>fluss.</span> <span class='ocrx_word' id='word_1_7' title='bbox 1148 261 1236 307; x_wconf 75' lang='lat' dir='ltr'>ex</span> <span class='ocrx_word' id='word_1_8' title='bbox 1253 235 1312 305; x_wconf 90' lang='lat' dir='ltr'>se</span> <span class='ocrx_word' id='word_1_9' title='bbox 1341 235 1522 304; x_wconf 85' lang='lat' dir='ltr'>divisa</span> <span class='ocrx_word' id='word_1_10' title='bbox 1551 239 1616 304; x_wconf 87' lang='lat' dir='ltr'>in</span> <span class='ocrx_word' id='word_1_11' title='bbox 1643 260 1942 304; x_wconf 89' lang='lat' dir='ltr'>oceanum</span> <span class='ocrx_word' id='word_1_12' title='bbox 1972 243 2249 326; x_wconf 87' lang='lat' dir='ltr'>porrigit,</span> <span class='ocrx_word' id='word_1_13' title='bbox 2286 241 2348 303; x_wconf 59' lang='lat'>8³</span> <span class='ocrx_word' id='word_1_14' title='bbox 2368 237 2621 306; x_wconf 88' lang='lat' dir='ltr'>eandem</span> 
     </span>
     <span class='ocr_line' id='line_1_3' title="bbox 539 327 2620 480; baseline -0.004 -80"><span class='ocrx_word' id='word_1_15' title='bbox 539 337 818 413; x_wconf 86' lang='lat' dir='ltr'>insulam,</span> <span class='ocrx_word' id='word_1_16' title='bbox 865 333 1044 398; x_wconf 85' lang='lat' dir='ltr'>undis</span> <span class='ocrx_word' id='word_1_17' title='bbox 1072 334 1214 396; x_wconf 88' lang='lat' dir='ltr'>hinc</span> <span class='ocrx_word' id='word_1_18' title='bbox 1242 330 1384 393; x_wconf 89' lang='lat' dir='ltr'>inde</span> <span class='ocrx_word' id='word_1_19' title='bbox 1410 330 1794 406; x_wconf 75' lang='lat' dir='ltr'>alluentibuS,</span> <span class='ocrx_word' id='word_1_20' title='bbox 1843 331 2049 414; x_wconf 86' lang='lat' dir='ltr'>cingit.</span> <span class='ocrx_word' id='word_1_21' title='bbox 2146 331 2263 395; x_wconf 85' lang='lat' dir='ltr'>Hic</span> <span class='ocrx_word' id='word_1_22' title='bbox 2292 327 2402 392; x_wconf 83' lang='lat' dir='ltr'>fibi</span> <span class='ocrx_word' id='word_1_23' title='bbox 2436 349 2620 480; x_wconf 24' lang='lat' dir='ltr'>¹para,-</span> 
     </span>
     <span class='ocr_line' id='line_1_4' title="bbox 543 415 2621 501; baseline -0.003 -14"><span class='ocrx_word' id='word_1_24' title='bbox 543 422 763 501; x_wconf 89' lang='lat' dir='ltr'>disum,</span> <span class='ocrx_word' id='word_1_25' title='bbox 811 422 910 486; x_wconf 81' lang='lat' dir='ltr'>hic</span> <span class='ocrx_word' id='word_1_26' title='bbox 940 439 1154 486; x_wconf 87' lang='lat' dir='ltr'>novam</span> <span class='ocrx_word' id='word_1_27' title='bbox 1183 415 1436 481; x_wconf 86' lang='lat' dir='ltr'>aedificat</span> <span class='ocrx_word' id='word_1_28' title='bbox 1466 415 1856 494; x_wconf 74' lang='lat' dir='ltr'>Hierusalem,</span> <span class='ocrx_word' id='word_1_29' title='bbox 1904 420 2049 501; x_wconf 88' lang='lat' dir='ltr'>quia</span> <span class='ocrx_word' id='word_1_30' title='bbox 2077 419 2136 480; x_wconf 68' lang='grc' dir='ltr'>ἃ</span> <span class='ocrx_word' id='word_1_31' title='bbox 2166 437 2203 478; x_wconf 93' lang='lat' dir='ltr'>a</span> <span class='ocrx_word' id='word_1_32' title='bbox 2247 420 2407 480; x_wconf 83' lang='lat' dir='ltr'>curis</span> <span class='ocrx_word' id='word_1_33' title='bbox 2460 417 2621 482; x_wconf 90' lang='lat' dir='ltr'>eculi</span> 
     </span>
     <span class='ocr_line' id='line_1_5' title="bbox 539 502 2621 587; baseline -0.003 -12"><span class='ocrx_word' id='word_1_34' title='bbox 539 532 674 576; x_wconf 86' lang='lat' dir='ltr'>erat</span> <span class='ocrx_word' id='word_1_35' title='bbox 705 511 1016 587; x_wconf 85' lang='lat' dir='ltr'>remotior,</span> <span class='ocrx_word' id='word_1_36' title='bbox 1062 508 1121 573; x_wconf 85' lang='lat'>&amp;</span> <span class='ocrx_word' id='word_1_37' title='bbox 1176 502 1550 570; x_wconf 85' lang='lat' dir='ltr'>secretiorem</span> <span class='ocrx_word' id='word_1_38' title='bbox 1597 506 1855 570; x_wconf 85' lang='lat' dir='ltr'>orationi</span> <span class='ocrx_word' id='word_1_39' title='bbox 1900 506 2082 569; x_wconf 74' lang='lat' dir='ltr'>situm</span> <span class='ocrx_word' id='word_1_40' title='bbox 2110 505 2373 569; x_wconf 89' lang='lat' dir='ltr'>eundem</span> <span class='ocrx_word' id='word_1_41' title='bbox 2401 521 2621 570; x_wconf 86' lang='lat' dir='ltr'>natura</span> 
     </span>
     <span class='ocr_line' id='line_1_6' title="bbox 547 601 2431 676; baseline -0.011 -10"><span class='ocrx_word' id='word_1_42' title='bbox 547 601 918 666; x_wconf 83' lang='lat' dir='ltr'>reddiderat.</span> <span class='ocrx_word' id='word_1_43' title='bbox 2422 667 2431 676; x_wconf 76' lang='lat'>,</span> 
     </span>
     <span class='ocr_line' id='line_1_7' title="bbox 638 677 2621 770; baseline -0.003 -17"><span class='ocrx_word' id='word_1_44' title='bbox 638 689 850 754; x_wconf 83' lang='lat' dir='ltr'>Filiam</span> <span class='ocrx_word' id='word_1_45' title='bbox 873 703 1068 750; x_wconf 87' lang='lat' dir='ltr'>meam</span> <span class='ocrx_word' id='word_1_46' title='bbox 1093 697 1379 770; x_wconf 81' lang='lat' dir='ltr'>praeterea</span> <span class='ocrx_word' id='word_1_47' title='bbox 1401 681 1812 746; x_wconf 88' lang='lat' dir='ltr'>Ermenildam</span> <span class='ocrx_word' id='word_1_48' title='bbox 1832 681 2002 746; x_wconf 85' lang='lat' dir='ltr'>vobis</span> <span class='ocrx_word' id='word_1_49' title='bbox 2024 694 2277 744; x_wconf 84' lang='lat' dir='ltr'>matrem</span> <span class='ocrx_word' id='word_1_50' title='bbox 2292 677 2621 749; x_wconf 83' lang='lat' dir='ltr'>constituo.</span> 
     </span>
    </p>
   </div>
   <div class='ocr_carea' id='block_1_3' title="bbox 637 779 2619 940">
    <p class='ocr_par' dir='ltr' id='par_1_3' title="bbox 637 779 2619 940">
     <span class='ocr_line' id='line_1_8' title="bbox 637 779 2619 940; baseline -0.003 -20"><span class='ocrx_word' id='word_1_51' title='bbox 637 857 773 940; x_wconf 88' lang='lat' dir='ltr'>Ego</span> <span class='ocrx_word' id='word_1_52' title='bbox 827 873 973 917; x_wconf 76' lang='lat' dir='ltr'>veto</span> <span class='ocrx_word' id='word_1_53' title='bbox 1031 849 1394 916; x_wconf 80' lang='lat' dir='ltr'>orientalem</span> <span class='ocrx_word' id='word_1_54' title='bbox 1440 850 1730 936; x_wconf 87' lang='lat' dir='ltr'>Angliam</span> <span class='ocrx_word' id='word_1_55' title='bbox 1782 784 2048 915; x_wconf 47' lang='lat' dir='ltr'>invisesiieie,⁸</span> <span class='ocrx_word' id='word_1_56' title='bbox 2072 779 2348 935; x_wconf 46' lang='lat' dir='ltr'>{ignosce</span> <span class='ocrx_word' id='word_1_57' title='bbox 2403 847 2619 915; x_wconf 84' lang='lat' dir='ltr'>sororis</span> 
     </span>
    </p>
   </div>
   <div class='ocr_carea' id='block_1_4' title="bbox 545 936 2619 1096">
    <p class='ocr_par' dir='ltr' id='par_1_4' title="bbox 545 936 2619 1096">
     <span class='ocr_line' id='line_1_9' title="bbox 545 936 2619 1024; baseline -0.003 -15"><span class='ocrx_word' id='word_1_58' title='bbox 545 963 694 1009; x_wconf 85' lang='lat' dir='ltr'>meae</span> <span class='ocrx_word' id='word_1_59' title='bbox 725 941 1125 1006; x_wconf 83' lang='lat' dir='ltr'>Etheldrithae</span> <span class='ocrx_word' id='word_1_60' title='bbox 1156 936 1492 1024; x_wconf 83' lang='lat' dir='ltr'>magisterio</span> <span class='ocrx_word' id='word_1_61' title='bbox 1520 937 1918 1016; x_wconf 88' lang='lat' dir='ltr'>informanda,</span> <span class='ocrx_word' id='word_1_62' title='bbox 1962 940 2021 1004; x_wconf 78' lang='grc' dir='ltr'>ὅτ</span> <span class='ocrx_word' id='word_1_63' title='bbox 2058 939 2439 1024; x_wconf 84' lang='lat' dir='ltr'>regularibus</span> <span class='ocrx_word' id='word_1_64' title='bbox 2466 937 2619 1024; x_wconf 90' lang='lat' dir='ltr'>ejus-</span> 
     </span>
     <span class='ocr_line' id='line_1_10' title="bbox 549 1025 1446 1096; baseline -0.008 0"><span class='ocrx_word' id='word_1_65' title='bbox 549 1034 752 1096; x_wconf 75' lang='lat' dir='ltr'>dem⁶</span> <span class='ocrx_word' id='word_1_66' title='bbox 723 1028 1102 1093; x_wconf 77' lang='lat' dir='ltr'>ainiicianda</span> <span class='ocrx_word' id='word_1_67' title='bbox 1137 1025 1446 1091; x_wconf 60' lang='lat' dir='ltr'>doctrinis.</span> 
     </span>
    </p>
   </div>
   <div class='ocr_carea' id='block_1_5' title="bbox 531 1131 2618 1286">
    <p class='ocr_par' dir='ltr' id='par_1_5' title="bbox 531 1131 2618 1286">
     <span class='ocr_line' id='line_1_11' title="bbox 531 1131 2618 1286; baseline 0.003 -28"><span class='ocrx_word' id='word_1_68' title='bbox 531 1250 538 1258; x_wconf 91' lang='lat'>.</span> <span class='ocrx_word' id='word_1_69' title='bbox 639 1135 791 1266; x_wconf 50' lang='lat' dir='ltr'>ciui,</span> <span class='ocrx_word' id='word_1_70' title='bbox 817 1133 944 1265; x_wconf 51' lang='grc' dir='ltr'>1ξιξὴ</span> <span class='ocrx_word' id='word_1_71' title='bbox 945 1131 1285 1264; x_wconf 46' lang='grc' dir='ltr'><strong>ξειιίιξῖίὶειίἰ</strong></span> <span class='ocrx_word' id='word_1_72' title='bbox 1349 1199 1640 1285; x_wconf 88' lang='lat' dir='ltr'>regimine</span> <span class='ocrx_word' id='word_1_73' title='bbox 1707 1193 1965 1282; x_wconf 86' lang='lat' dir='ltr'>pretiosa</span> <span class='ocrx_word' id='word_1_74' title='bbox 2030 1197 2241 1286; x_wconf 85' lang='lat' dir='ltr'>virago</span> <span class='ocrx_word' id='word_1_75' title='bbox 2299 1198 2618 1284; x_wconf 78' lang='lat' dir='ltr'>sexburga</span> 
     </span>
    </p>
   </div>
   <div class='ocr_carea' id='block_1_6' title="bbox 551 1287 2109 1470">
    <p class='ocr_par' dir='ltr' id='par_1_6' title="bbox 551 1287 2089 1470">
     <span class='ocr_line' id='line_1_12' title="bbox 551 1287 837 1356; baseline -0.011 -1"><span class='ocrx_word' id='word_1_76' title='bbox 551 1287 837 1356; x_wconf 64' lang='lat' dir='ltr'>suceeffit;</span> 
     </span>
     <span class='ocr_line' id='line_1_13' title="bbox 1055 1383 2109 1470; baseline 0 -18"><span class='ocrx_word' id='word_1_77' title='bbox 1055 1393 1159 1452; x_wconf 84' lang='lat' dir='ltr'>Ex</span> <span class='ocrx_word' id='word_1_78' title='bbox 1187 1388 1330 1451; x_wconf 84' lang='lat' dir='ltr'>libro</span> <span class='ocrx_word' id='word_1_79' title='bbox 1360 1383 1430 1449; x_wconf 82' lang='lat' dir='ltr'>de</span> <span class='ocrx_word' id='word_1_80' title='bbox 1457 1388 1595 1450; x_wconf 85' lang='lat' dir='ltr'>vita</span> <span class='ocrx_word' id='word_1_81' title='bbox 1622 1385 2109 1470; x_wconf 78' lang='lat' dir='ltr'>S;Fredstm1dae</span> 
     </span>
    </p>
   </div>
   <div class='ocr_carea' id='block_1_7' title="bbox 509 1485 2944 1837">
    <p class='ocr_par' dir='ltr' id='par_1_7' title="bbox 509 1485 2944 1837">
     <span class='ocr_line' id='line_1_14' title="bbox 643 1485 1539 1576; baseline -0.01 -18"><span class='ocrx_word' id='word_1_82' title='bbox 643 1492 919 1558; x_wconf 86' lang='lat' dir='ltr'>Didanus</span> <span class='ocrx_word' id='word_1_83' title='bbox 951 1505 1116 1576; x_wconf 90' lang='lat' dir='ltr'>pater</span> <span class='ocrx_word' id='word_1_84' title='bbox 1141 1485 1539 1554; x_wconf 77' lang='lat' dir='ltr'>Frediswidae.</span> 
     </span>
     <span class='ocr_line' id='line_1_15' title="bbox 639 1574 1969 1666; baseline -0.005 -21"><span class='ocrx_word' id='word_1_85' title='bbox 639 1582 867 1666; x_wconf 83' lang='lat' dir='ltr'>Algeva</span> <span class='ocrx_word' id='word_1_86' title='bbox 893 1575 1349 1642; x_wconf 78' lang='lat' dir='ltr'>Fredisuuidae&#39;</span> <span class='ocrx_word' id='word_1_87' title='bbox 1333 1598 1396 1640; x_wconf 86' lang='grc' dir='ltr'>ιιι</span> <span class='ocrx_word' id='word_1_88' title='bbox 1423 1576 1638 1640; x_wconf 79' lang='lat' dir='ltr'>litteris</span> <span class='ocrx_word' id='word_1_89' title='bbox 1666 1574 1969 1660; x_wconf 72' lang='lat' dir='ltr'>magiffia.</span> 
     </span>
     <span class='ocr_line' id='line_1_16' title="bbox 645 1662 2901 1755; baseline -0.004 -24"><span class='ocrx_word' id='word_1_90' title='bbox 645 1669 903 1753; x_wconf 82' lang='lat' dir='ltr'>Algarus</span> <span class='ocrx_word' id='word_1_91' title='bbox 933 1668 1313 1749; x_wconf 78' lang='lat' dir='ltr'>importunus</span> <span class='ocrx_word' id='word_1_92' title='bbox 1341 1662 1751 1728; x_wconf 77' lang='lat' dir='ltr'>Fredisuuidae</span> <span class='ocrx_word' id='word_1_93' title='bbox 1778 1679 2028 1726; x_wconf 88' lang='lat' dir='ltr'>amator.</span> <span class='ocrx_word' id='word_1_94' title='bbox 2636 1693 2768 1755; x_wconf 78' lang='lat' dir='ltr'>Fuit,</span> <span class='ocrx_word' id='word_1_95' title='bbox 2792 1703 2901 1744; x_wconf 82' lang='lat' dir='ltr'>utv</span> 
     </span>
     <span class='ocr_line' id='line_1_17' title="bbox 509 1745 2944 1837; baseline -0.003 -17"><span class='ocrx_word' id='word_1_96' title='bbox 509 1745 519 1755; x_wconf 69' lang='grc'><strong>’</strong></span> <span class='ocrx_word' id='word_1_97' title='bbox 641 1755 861 1819; x_wconf 74' lang='lat' dir='ltr'>Mansit</span> <span class='ocrx_word' id='word_1_98' title='bbox 907 1771 1110 1818; x_wconf 88' lang='lat' dir='ltr'>autem</span> <span class='ocrx_word' id='word_1_99' title='bbox 1144 1773 1207 1836; x_wconf 89' lang='lat'>3.</span> <span class='ocrx_word' id='word_1_100' title='bbox 1263 1750 1388 1817; x_wconf 84' lang='lat' dir='ltr'>fere</span> <span class='ocrx_word' id='word_1_101' title='bbox 1415 1753 1585 1816; x_wconf 75' lang='lat' dir='ltr'>annis</span> <span class='ocrx_word' id='word_1_102' title='bbox 1627 1754 1694 1818; x_wconf 89' lang='lat' dir='ltr'>in</span> <span class='ocrx_word' id='word_1_103' title='bbox 1723 1751 1961 1837; x_wconf 80' lang='lat' dir='ltr'>praefati</span> <span class='ocrx_word' id='word_1_104' title='bbox 1986 1751 2243 1816; x_wconf 75' lang='lat' dir='ltr'>nemoris</span> <span class='ocrx_word' id='word_1_105' title='bbox 2267 1747 2608 1829; x_wconf 80' lang='lat' dir='ltr'>solitudine,</span> <span class='ocrx_word' id='word_1_106' title='bbox 2634 1758 2773 1809; x_wconf 73' lang='lat' dir='ltr'>detur</span> <span class='ocrx_word' id='word_1_107' title='bbox 2775 1759 2909 1819; x_wconf 70' lang='lat' dir='ltr'>,illu</span> <span class='ocrx_word' id='word_1_108' title='bbox 2912 1764 2944 1812; x_wconf 85' lang='lat' dir='ltr'>d</span> 
     </span>
    </p>
   </div>
   <div class='ocr_carea' id='block_1_8' title="bbox 551 1797 2879 1925">
    <p class='ocr_par' dir='ltr' id='par_1_8' title="bbox 551 1797 2879 1925">
     <span class='ocr_line' id='line_1_18' title="bbox 551 1797 2879 1925; baseline -0.014 -16"><span class='ocrx_word' id='word_1_109' title='bbox 551 1841 658 1909; x_wconf 83' lang='lat' dir='ltr'>sed</span> <span class='ocrx_word' id='word_1_110' title='bbox 677 1865 802 1910; x_wconf 88' lang='lat' dir='ltr'>non</span> <span class='ocrx_word' id='word_1_111' title='bbox 831 1841 1042 1906; x_wconf 74' lang='lat' dir='ltr'>incolis</span> <span class='ocrx_word' id='word_1_112' title='bbox 1070 1843 1296 1925; x_wconf 82' lang='lat' dir='ltr'>ignota.</span> <span class='ocrx_word' id='word_1_113' title='bbox 2632 1797 2841 1875; x_wconf 68' lang='lat' dir='ltr'>nemu’sn</span> <span class='ocrx_word' id='word_1_114' title='bbox 2825 1828 2879 1876; x_wconf 81' lang='lat' dir='ltr'>in</span> 
     </span>
    </p>
   </div>
   <div class='ocr_carea' id='block_1_9' title="bbox 641 1892 2949 2140">
    <p class='ocr_par' dir='ltr' id='par_1_9' title="bbox 641 1892 2949 2137">
     <span class='ocr_line' id='line_1_19' title="bbox 2631 1892 2882 1956; baseline 0.004 -16"><span class='ocrx_word' id='word_1_115' title='bbox 2631 1892 2882 1956; x_wconf 73' lang='lat' dir='ltr'>provincia</span> 
     </span>
     <span class='ocr_line' id='line_1_20' title="bbox 1121 1953 2783 2040; baseline 0.001 -24"><span class='ocrx_word' id='word_1_116' title='bbox 1121 1958 1223 2019; x_wconf 87' lang='lat' dir='ltr'>Ex</span> <span class='ocrx_word' id='word_1_117' title='bbox 1264 1956 1403 2018; x_wconf 85' lang='lat' dir='ltr'>vita</span> <span class='ocrx_word' id='word_1_118' title='bbox 1432 1953 1719 2040; x_wconf 74' lang='lat' dir='ltr'>Edburgae</span> <span class='ocrx_word' id='word_1_119' title='bbox 1760 1953 2041 2040; x_wconf 80' lang='lat' dir='ltr'>virginis.</span> <span class='ocrx_word' id='word_1_120' title='bbox 2636 1957 2783 2005; x_wconf 78' lang='lat' dir='ltr'>Oxou</span> 
     </span>
     <span class='ocr_line' id='line_1_21' title="bbox 641 2053 2949 2140; baseline 0.003 -18"><span class='ocrx_word' id='word_1_121' title='bbox 641 2057 934 2129; x_wconf 85' lang='lat' dir='ltr'>Thunor‚</span> <span class='ocrx_word' id='word_1_122' title='bbox 974 2054 1225 2140; x_wconf 89' lang='lat' dir='ltr'>jubente</span> <span class='ocrx_word' id='word_1_123' title='bbox 1268 2056 1363 2118; x_wconf 87' lang='lat' dir='ltr'>vel</span> <span class='ocrx_word' id='word_1_124' title='bbox 1395 2055 1752 2120; x_wconf 87' lang='lat' dir='ltr'>connivente</span> <span class='ocrx_word' id='word_1_125' title='bbox 1782 2057 1897 2118; x_wconf 89' lang='lat' dir='ltr'>Ec·</span> <span class='ocrx_word' id='word_1_126' title='bbox 2060 2057 2095 2096; x_wconf 69' lang='lat'>*¹</span> <span class='ocrx_word' id='word_1_127' title='bbox 2120 2053 2410 2132; x_wconf 82' lang='lat' dir='ltr'>Twaites,</span> <span class='ocrx_word' id='word_1_128' title='bbox 2429 2057 2949 2130; x_wconf 84' lang='lat' dir='ltr'>virexnobilitate</span> 
     </span>
    </p>
   </div>
   <div class='ocr_carea' id='block_1_10' title="bbox 550 2142 3007 2411">
    <p class='ocr_par' dir='ltr' id='par_1_10' title="bbox 550 2142 3007 2411">
     <span class='ocr_line' id='line_1_22' title="bbox 550 2142 2943 2231; baseline 0.002 -21"><span class='ocrx_word' id='word_1_129' title='bbox 550 2142 689 2229; x_wconf 77' lang='lat' dir='ltr'>hrig</span> <span class='ocrx_word' id='word_1_130' title='bbox 692 2147 822 2219; x_wconf 87' lang='lat' dir='ltr'>hto,</span> <span class='ocrx_word' id='word_1_131' title='bbox 888 2147 1241 2206; x_wconf 74' lang='lat' dir='ltr'>Cantiorum</span> <span class='ocrx_word' id='word_1_132' title='bbox 1289 2163 1449 2226; x_wconf 85' lang='lat' dir='ltr'>rege,</span> <span class='ocrx_word' id='word_1_133' title='bbox 1505 2142 1897 2206; x_wconf 89' lang='lat' dir='ltr'>Ethelredum</span> <span class='ocrx_word' id='word_1_134' title='bbox 1987 2146 2163 2206; x_wconf 87' lang='lat' dir='ltr'>Cant.</span> <span class='ocrx_word' id='word_1_135' title='bbox 2197 2143 2429 2206; x_wconf 88' lang='lat' dir='ltr'>habitat</span> <span class='ocrx_word' id='word_1_136' title='bbox 2458 2147 2621 2230; x_wconf 79' lang='lat' dir='ltr'>apud</span> <span class='ocrx_word' id='word_1_137' title='bbox 2650 2149 2943 2231; x_wconf 87' lang='lat' dir='ltr'>Eststure,</span> 
     </span>
     <span class='ocr_line' id='line_1_23' title="bbox 551 2230 3007 2316; baseline 0.003 -21"><span class='ocrx_word' id='word_1_138' title='bbox 551 2248 739 2316; x_wconf 89' lang='lat' dir='ltr'>atque</span> <span class='ocrx_word' id='word_1_139' title='bbox 799 2231 1288 2316; x_wconf 84' lang='lat' dir='ltr'>Ethelbrightum</span> <span class='ocrx_word' id='word_1_140' title='bbox 1363 2232 1556 2315; x_wconf 88' lang='lat' dir='ltr'>regios</span> <span class='ocrx_word' id='word_1_141' title='bbox 1612 2232 1893 2310; x_wconf 78' lang='lat' dir='ltr'>juvenes,</span> <span class='ocrx_word' id='word_1_142' title='bbox 1983 2231 2186 2294; x_wconf 89' lang='lat' dir='ltr'>locum</span> <span class='ocrx_word' id='word_1_143' title='bbox 2208 2230 2552 2297; x_wconf 88' lang='lat' dir='ltr'>hereditatis</span> <span class='ocrx_word' id='word_1_144' title='bbox 2574 2231 2709 2314; x_wconf 82' lang='lat' dir='ltr'>suae,</span> <span class='ocrx_word' id='word_1_145' title='bbox 2737 2241 2942 2302; x_wconf 88' lang='lat' dir='ltr'>distat·</span> <span class='ocrx_word' id='word_1_146' title='bbox 2998 2285 3007 2294; x_wconf 28' lang='grc' dir='ltr'><strong>ι</strong></span> 
     </span>
     <span class='ocr_line' id='line_1_24' title="bbox 554 2315 2944 2411; baseline 0.003 -27"><span class='ocrx_word' id='word_1_147' title='bbox 554 2323 616 2384; x_wconf 81' lang='grc' dir='ltr'>8τ</span> <span class='ocrx_word' id='word_1_148' title='bbox 665 2341 838 2383; x_wconf 87' lang='lat' dir='ltr'>veros</span> <span class='ocrx_word' id='word_1_149' title='bbox 888 2321 1118 2382; x_wconf 82' lang='lat' dir='ltr'>Cantiae</span> <span class='ocrx_word' id='word_1_150' title='bbox 1163 2318 1433 2394; x_wconf 75' lang='lat' dir='ltr'>heredes,</span> <span class='ocrx_word' id='word_1_151' title='bbox 1487 2315 1789 2382; x_wconf 82' lang='lat' dir='ltr'>interfecit</span> <span class='ocrx_word' id='word_1_152' title='bbox 1828 2340 1891 2382; x_wconf 81' lang='lat' dir='ltr'>a·</span> <span class='ocrx_word' id='word_1_153' title='bbox 1980 2339 2101 2400; x_wconf 83' lang='lat' dir='ltr'>que</span> <span class='ocrx_word' id='word_1_154' title='bbox 2126 2341 2162 2385; x_wconf 81' lang='lat' dir='ltr'>a</span> <span class='ocrx_word' id='word_1_155' title='bbox 2189 2320 2473 2384; x_wconf 75' lang='lat' dir='ltr'>cantuar.</span> <span class='ocrx_word' id='word_1_156' title='bbox 2509 2325 2783 2411; x_wconf 87' lang='lat' dir='ltr'>quinque</span> <span class='ocrx_word' id='word_1_157' title='bbox 2814 2325 2944 2411; x_wconf 89' lang='lat' dir='ltr'>pas·</span> 
     </span>
    </p>
   </div>
   <div class='ocr_carea' id='block_1_11' title="bbox 549 2403 2942 2574">
    <p class='ocr_par' dir='ltr' id='par_1_11' title="bbox 549 2403 2942 2561">
     <span class='ocr_line' id='line_1_25' title="bbox 555 2403 2942 2500; baseline 0.004 -29"><span class='ocrx_word' id='word_1_158' title='bbox 555 2409 684 2492; x_wconf 90' lang='lat' dir='ltr'>pud</span> <span class='ocrx_word' id='word_1_159' title='bbox 716 2406 986 2472; x_wconf 84' lang='lat' dir='ltr'>Estriam.</span> <span class='ocrx_word' id='word_1_160' title='bbox 1030 2407 1359 2472; x_wconf 76' lang='lat' dir='ltr'>Lelandus.</span> <span class='ocrx_word' id='word_1_161' title='bbox 1405 2403 1614 2485; x_wconf 83' lang='lat' dir='ltr'>Estria,</span> <span class='ocrx_word' id='word_1_162' title='bbox 1645 2407 1893 2490; x_wconf 85' lang='lat' dir='ltr'>meoju-</span> <span class='ocrx_word' id='word_1_163' title='bbox 1978 2403 2151 2471; x_wconf 87' lang='lat' dir='ltr'>suum</span> <span class='ocrx_word' id='word_1_164' title='bbox 2184 2405 2471 2487; x_wconf 84' lang='lat' dir='ltr'>millibus,</span> <span class='ocrx_word' id='word_1_165' title='bbox 2516 2416 2830 2500; x_wconf 75' lang='lat' dir='ltr'>vergitque</span> <span class='ocrx_word' id='word_1_166' title='bbox 2863 2415 2942 2482; x_wconf 86' lang='lat' dir='ltr'>ad</span> 
     </span>
     <span class='ocr_line' id='line_1_26' title="bbox 549 2492 2414 2574; baseline 0.001 -15"><span class='ocrx_word' id='word_1_167' title='bbox 549 2496 733 2574; x_wconf 91' lang='lat' dir='ltr'>dicio,</span> <span class='ocrx_word' id='word_1_168' title='bbox 779 2492 948 2559; x_wconf 86' lang='lat' dir='ltr'>sonat</span> <span class='ocrx_word' id='word_1_169' title='bbox 977 2501 1014 2539; x_wconf 70' lang='lat'>¹*</span> <span class='ocrx_word' id='word_1_170' title='bbox 1043 2494 1288 2560; x_wconf 86' lang='lat' dir='ltr'>Eststur.</span> <span class='ocrx_word' id='word_1_171' title='bbox 1980 2494 2217 2561; x_wconf 83' lang='lat' dir='ltr'>Sowth·</span> <span class='ocrx_word' id='word_1_172' title='bbox 2226 2494 2414 2561; x_wconf 80' lang='lat' dir='ltr'>West.</span> 
     </span>
    </p>
   </div>
   <div class='ocr_carea' id='block_1_12' title="bbox 669 2610 2498 2781">
    <p class='ocr_par' dir='ltr' id='par_1_12' title="bbox 669 2610 2498 2781">
     <span class='ocr_line' id='line_1_27' title="bbox 669 2610 2498 2694; baseline 0.001 -20"><span class='ocrx_word' id='word_1_173' title='bbox 669 2615 754 2674; x_wconf 82' lang='lat' dir='ltr'>Ut</span> <span class='ocrx_word' id='word_1_174' title='bbox 788 2614 840 2673; x_wconf 84' lang='lat' dir='ltr'><em>E</em></span> <span class='ocrx_word' id='word_1_175' title='bbox 839 2614 1066 2676; x_wconf 81' lang='lat' dir='ltr'>ebertus</span> <span class='ocrx_word' id='word_1_176' title='bbox 1095 2634 1211 2676; x_wconf 83' lang='lat' dir='ltr'>rex</span> <span class='ocrx_word' id='word_1_177' title='bbox 1239 2614 1623 2687; x_wconf 66' lang='lat' dir='ltr'>Damnatam,</span> <span class='ocrx_word' id='word_1_178' title='bbox 1667 2612 1995 2692; x_wconf 59' lang='lat' dir='ltr'>inu-ficiis</span> <span class='ocrx_word' id='word_1_179' title='bbox 2021 2632 2147 2694; x_wconf 76' lang='lat' dir='ltr'>qus</span> <span class='ocrx_word' id='word_1_180' title='bbox 2155 2610 2498 2693; x_wconf 75' lang='lat' dir='ltr'>fratribus,</span> 
     </span>
     <span class='ocr_line' id='line_1_28' title="bbox 1321 2698 1908 2781; baseline 0.004 -20"><span class='ocrx_word' id='word_1_181' title='bbox 1321 2699 1566 2781; x_wconf 77' lang='lat' dir='ltr'>plac‘are</span> <span class='ocrx_word' id='word_1_182' title='bbox 1581 2698 1908 2779; x_wconf 80' lang='lat' dir='ltr'>studuerit.</span> 
     </span>
    </p>
   </div>
   <div class='ocr_carea' id='block_1_13' title="bbox 453 2797 2904 4203">
    <p class='ocr_par' dir='ltr' id='par_1_13' title="bbox 555 2797 2607 3058">
     <span class='ocr_line' id='line_1_29' title="bbox 645 2797 2607 2883; baseline 0.001 -24"><span class='ocrx_word' id='word_1_183' title='bbox 645 2797 839 2878; x_wconf 84' lang='lat' dir='ltr'>Hujus</span> <span class='ocrx_word' id='word_1_184' title='bbox 868 2818 1014 2881; x_wconf 89' lang='lat' dir='ltr'>ergo</span> <span class='ocrx_word' id='word_1_185' title='bbox 1043 2798 1124 2861; x_wconf 86' lang='lat' dir='ltr'>rei</span> <span class='ocrx_word' id='word_1_186' title='bbox 1154 2798 1344 2883; x_wconf 89' lang='lat' dir='ltr'>gratia</span> <span class='ocrx_word' id='word_1_187' title='bbox 1375 2798 1615 2861; x_wconf 85' lang='lat' dir='ltr'>tradidit</span> <span class='ocrx_word' id='word_1_188' title='bbox 1642 2797 1731 2861; x_wconf 85' lang='lat' dir='ltr'>illi</span> <span class='ocrx_word' id='word_1_189' title='bbox 1761 2798 1917 2863; x_wconf 82' lang='lat' dir='ltr'>ruris</span> <span class='ocrx_word' id='word_1_190' title='bbox 1944 2798 2091 2883; x_wconf 87' lang='lat' dir='ltr'>regii</span> <span class='ocrx_word' id='word_1_191' title='bbox 2120 2798 2285 2882; x_wconf 86' lang='lat' dir='ltr'>apud</span> <span class='ocrx_word' id='word_1_192' title='bbox 2308 2800 2607 2861; x_wconf 59' lang='lat' dir='ltr'>‘ranetam</span> 
     </span>
     <span class='ocr_line' id='line_1_30' title="bbox 556 2882 2607 2971; baseline 0.001 -24"><span class='ocrx_word' id='word_1_193' title='bbox 556 2882 808 2948; x_wconf 86' lang='lat' dir='ltr'>insulam</span> <span class='ocrx_word' id='word_1_194' title='bbox 853 2884 1162 2969; x_wconf 68' lang='lat' dir='ltr'>ostoginta</span> <span class='ocrx_word' id='word_1_195' title='bbox 1205 2901 1508 2949; x_wconf 84' lang='lat' dir='ltr'>aratorum</span> <span class='ocrx_word' id='word_1_196' title='bbox 1545 2887 1780 2971; x_wconf 84' lang='lat' dir='ltr'>jugera,</span> <span class='ocrx_word' id='word_1_197' title='bbox 1824 2901 1899 2950; x_wconf 91' lang='lat' dir='ltr'>ut</span> <span class='ocrx_word' id='word_1_198' title='bbox 1945 2887 2179 2971; x_wconf 87' lang='lat' dir='ltr'>plenius</span> <span class='ocrx_word' id='word_1_199' title='bbox 2221 2884 2451 2951; x_wconf 84' lang='lat' dir='ltr'>moestae</span> <span class='ocrx_word' id='word_1_200' title='bbox 2475 2904 2607 2971; x_wconf 90' lang='lat' dir='ltr'>ger·</span> 
     </span>
     <span class='ocr_line' id='line_1_31' title="bbox 555 2976 1440 3058; baseline -0.001 -21"><span class='ocrx_word' id='word_1_201' title='bbox 555 2992 742 3037; x_wconf 86' lang='lat' dir='ltr'>manae</span> <span class='ocrx_word' id='word_1_202' title='bbox 771 2993 1084 3037; x_wconf 82' lang='lat' dir='ltr'>moerorem</span> <span class='ocrx_word' id='word_1_203' title='bbox 1123 2976 1440 3058; x_wconf 85' lang='lat' dir='ltr'>mitigaret.</span> 
     </span>
    </p>

    <p class='ocr_par' dir='ltr' id='par_1_14' title="bbox 553 3059 2611 3233">
     <span class='ocr_line' id='line_1_32' title="bbox 646 3059 2611 3147; baseline 0.001 -24"><span class='ocrx_word' id='word_1_204' title='bbox 646 3059 997 3123; x_wconf 72' lang='lat' dir='ltr'>Basilicam</span> <span class='ocrx_word' id='word_1_205' title='bbox 983 3082 1043 3125; x_wconf 86' lang='lat' dir='ltr'>m</span> <span class='ocrx_word' id='word_1_206' title='bbox 1071 3060 1322 3145; x_wconf 77' lang='lat' dir='ltr'>praefato</span> <span class='ocrx_word' id='word_1_207' title='bbox 1341 3062 1618 3125; x_wconf 82' lang='lat' dir='ltr'>condidit</span> <span class='ocrx_word' id='word_1_208' title='bbox 1643 3082 1813 3146; x_wconf 79' lang='lat' dir='ltr'>agre,</span> <span class='ocrx_word' id='word_1_209' title='bbox 1846 3064 2018 3147; x_wconf 89' lang='lat' dir='ltr'>regio</span> <span class='ocrx_word' id='word_1_210' title='bbox 2030 3064 2208 3127; x_wconf 86' lang='lat' dir='ltr'>etiam</span> <span class='ocrx_word' id='word_1_211' title='bbox 2226 3062 2379 3126; x_wconf 84' lang='lat' dir='ltr'>bene</span> <span class='ocrx_word' id='word_1_212' title='bbox 2400 3062 2611 3145; x_wconf 84' lang='lat' dir='ltr'>adjuta</span> 
     </span>
     <span class='ocr_line' id='line_1_33' title="bbox 553 3144 2374 3233; baseline 0 -20"><span class='ocrx_word' id='word_1_213' title='bbox 553 3144 864 3231; x_wconf 76' lang='lat' dir='ltr'>suffcagi0‚</span> <span class='ocrx_word' id='word_1_214' title='bbox 909 3170 1092 3231; x_wconf 84' lang='lat' dir='ltr'>quam</span> <span class='ocrx_word' id='word_1_215' title='bbox 1124 3152 1302 3213; x_wconf 81' lang='lat' dir='ltr'>etiam</span> <span class='ocrx_word' id='word_1_216' title='bbox 1331 3150 1426 3213; x_wconf 87' lang='lat' dir='ltr'>dei</span> <span class='ocrx_word' id='word_1_217' title='bbox 1461 3151 1735 3233; x_wconf 85' lang='lat' dir='ltr'>genitrici</span> <span class='ocrx_word' id='word_1_218' title='bbox 1763 3150 1971 3215; x_wconf 83' lang='lat' dir='ltr'>Mariae</span> <span class='ocrx_word' id='word_1_219' title='bbox 1998 3148 2374 3216; x_wconf 85' lang='lat' dir='ltr'>consecravit.</span> 
     </span>
    </p>

    <p class='ocr_par' dir='ltr' id='par_1_15' title="bbox 555 3234 2904 3498">
     <span class='ocr_line' id='line_1_34' title="bbox 643 3234 2904 3319; baseline 0.001 -22"><span class='ocrx_word' id='word_1_220' title='bbox 643 3240 956 3300; x_wconf 88' lang='lat' dir='ltr'>Domneva</span> <span class='ocrx_word' id='word_1_221' title='bbox 998 3238 1400 3302; x_wconf 85' lang='lat' dir='ltr'>Milthrudem</span> <span class='ocrx_word' id='word_1_222' title='bbox 1443 3238 1632 3319; x_wconf 81' lang='lat' dir='ltr'>filiam</span> <span class='ocrx_word' id='word_1_223' title='bbox 1663 3234 1833 3302; x_wconf 87' lang='lat' dir='ltr'>suam</span> <span class='ocrx_word' id='word_1_224' title='bbox 1875 3240 1939 3301; x_wconf 87' lang='lat' dir='ltr'>in</span> <span class='ocrx_word' id='word_1_225' title='bbox 1964 3238 2189 3301; x_wconf 87' lang='lat' dir='ltr'>Gallias</span> <span class='ocrx_word' id='word_1_226' title='bbox 2215 3239 2611 3303; x_wconf 82' lang='lat' dir='ltr'>erudiendam</span> <span class='ocrx_word' id='word_1_227' title='bbox 2652 3254 2717 3303; x_wconf 83' lang='lat' dir='ltr'>Pa</span> <span class='ocrx_word' id='word_1_228' title='bbox 2690 3267 2765 3318; x_wconf 84' lang='lat' dir='ltr'>ag.</span> <span class='ocrx_word' id='word_1_229' title='bbox 2791 3266 2847 3310; x_wconf 78' lang='grc' dir='ltr'>ις</span> <span class='ocrx_word' id='word_1_230' title='bbox 2857 3268 2904 3311; x_wconf 84' lang='lat'>3.</span> 
     </span>
     <span class='ocr_line' id='line_1_35' title="bbox 555 3313 2610 3411; baseline 0.001 -22"><span class='ocrx_word' id='word_1_231' title='bbox 555 3324 735 3403; x_wconf 82' lang='lat' dir='ltr'>misit,</span> <span class='ocrx_word' id='word_1_232' title='bbox 783 3322 1104 3408; x_wconf 87' lang='lat' dir='ltr'>posteaque</span> <span class='ocrx_word' id='word_1_233' title='bbox 1149 3328 1400 3389; x_wconf 88' lang='lat' dir='ltr'>domum</span> <span class='ocrx_word' id='word_1_234' title='bbox 1439 3313 1672 3389; x_wconf 81' lang='lat' dir='ltr'>rediens</span> <span class='ocrx_word' id='word_1_235' title='bbox 1724 3348 1759 3389; x_wconf 89' lang='lat' dir='ltr'>a</span> <span class='ocrx_word' id='word_1_236' title='bbox 1787 3325 2127 3389; x_wconf 88' lang='lat' dir='ltr'>Theodoro</span> <span class='ocrx_word' id='word_1_237' title='bbox 2164 3324 2610 3411; x_wconf 86' lang='lat' dir='ltr'>archiepiscopo</span> 
     </span>
     <span class='ocr_line' id='line_1_36' title="bbox 555 3411 2563 3498; baseline 0 -22"><span class='ocrx_word' id='word_1_238' title='bbox 555 3411 780 3476; x_wconf 84' lang='lat' dir='ltr'>sacrum</span> <span class='ocrx_word' id='word_1_239' title='bbox 804 3412 1064 3476; x_wconf 87' lang='lat' dir='ltr'>velamen</span> <span class='ocrx_word' id='word_1_240' title='bbox 1085 3417 1313 3497; x_wconf 88' lang='lat' dir='ltr'>accepit</span> <span class='ocrx_word' id='word_1_241' title='bbox 1339 3434 1462 3477; x_wconf 87' lang='lat' dir='ltr'>una</span> <span class='ocrx_word' id='word_1_242' title='bbox 1487 3434 1630 3477; x_wconf 88' lang='lat' dir='ltr'>cum</span> <span class='ocrx_word' id='word_1_243' title='bbox 1657 3414 1787 3477; x_wconf 82' lang='lat' dir='ltr'>aliis</span> <span class='ocrx_word' id='word_1_244' title='bbox 1813 3411 2189 3497; x_wconf 80' lang='lat' dir='ltr'>septuaginta</span> <span class='ocrx_word' id='word_1_245' title='bbox 2208 3414 2563 3498; x_wconf 70' lang='lat' dir='ltr'>virginibuS.</span> 
     </span>
    </p>

    <p class='ocr_par' dir='ltr' id='par_1_16' title="bbox 552 3498 2605 3675">
     <span class='ocr_line' id='line_1_37' title="bbox 641 3498 2605 3585; baseline 0.001 -20"><span class='ocrx_word' id='word_1_246' title='bbox 641 3499 785 3565; x_wconf 91' lang='lat' dir='ltr'>Post</span> <span class='ocrx_word' id='word_1_247' title='bbox 815 3498 1120 3564; x_wconf 80' lang='lat' dir='ltr'>discessum</span> <span class='ocrx_word' id='word_1_248' title='bbox 1145 3523 1286 3565; x_wconf 82' lang='lat' dir='ltr'>vero</span> <span class='ocrx_word' id='word_1_249' title='bbox 1312 3503 1660 3565; x_wconf 67' lang='lat' dir='ltr'>venerandae</span> <span class='ocrx_word' id='word_1_250' title='bbox 1680 3504 1887 3565; x_wconf 84' lang='lat' dir='ltr'>matris</span> <span class='ocrx_word' id='word_1_251' title='bbox 1918 3502 2095 3564; x_wconf 89' lang='lat' dir='ltr'>beata</span> <span class='ocrx_word' id='word_1_252' title='bbox 2120 3501 2293 3585; x_wconf 77' lang='lat' dir='ltr'>virgo</span> <span class='ocrx_word' id='word_1_253' title='bbox 2318 3501 2605 3565; x_wconf 82' lang='lat' dir='ltr'>Milthru-</span> 
     </span>
     <span class='ocr_line' id='line_1_38' title="bbox 552 3587 2256 3675; baseline 0 -23"><span class='ocrx_word' id='word_1_254' title='bbox 552 3587 702 3652; x_wconf 81' lang='lat' dir='ltr'>dis</span> <span class='ocrx_word' id='word_1_255' title='bbox 686 3611 748 3653; x_wconf 86' lang='lat' dir='ltr'>m</span> <span class='ocrx_word' id='word_1_256' title='bbox 778 3589 934 3652; x_wconf 82' lang='lat' dir='ltr'>ovile</span> <span class='ocrx_word' id='word_1_257' title='bbox 962 3588 1249 3653; x_wconf 87' lang='lat' dir='ltr'>dominici</span> <span class='ocrx_word' id='word_1_258' title='bbox 1278 3593 1478 3675; x_wconf 88' lang='lat' dir='ltr'>gregis</span> <span class='ocrx_word' id='word_1_259' title='bbox 1507 3588 1783 3673; x_wconf 82' lang='lat' dir='ltr'>pastorali</span> <span class='ocrx_word' id='word_1_260' title='bbox 1809 3610 1951 3653; x_wconf 88' lang='lat' dir='ltr'>cura</span> <span class='ocrx_word' id='word_1_261' title='bbox 1976 3587 2256 3653; x_wconf 80' lang='lat' dir='ltr'>fucceffit.</span> 
     </span>
    </p>

    <p class='ocr_par' dir='ltr' id='par_1_17' title="bbox 550 3674 2609 3849">
     <span class='ocr_line' id='line_1_39' title="bbox 639 3674 2609 3763; baseline 0.001 -22"><span class='ocrx_word' id='word_1_262' title='bbox 639 3676 778 3741; x_wconf 90' lang='lat' dir='ltr'>Post</span> <span class='ocrx_word' id='word_1_263' title='bbox 811 3681 872 3742; x_wconf 89' lang='lat' dir='ltr'>S.</span> <span class='ocrx_word' id='word_1_264' title='bbox 905 3678 1258 3749; x_wconf 77' lang='lat' dir='ltr'>Milthrudis</span> <span class='ocrx_word' id='word_1_265' title='bbox 1283 3680 1520 3742; x_wconf 88' lang='lat' dir='ltr'>obitum</span> <span class='ocrx_word' id='word_1_266' title='bbox 1550 3678 1725 3743; x_wconf 86' lang='lat' dir='ltr'>beata</span> <span class='ocrx_word' id='word_1_267' title='bbox 1754 3680 1922 3762; x_wconf 87' lang='lat' dir='ltr'>virgo</span> <span class='ocrx_word' id='word_1_268' title='bbox 1948 3677 2289 3763; x_wconf 82' lang='lat' dir='ltr'>Eadburgis</span> <span class='ocrx_word' id='word_1_269' title='bbox 2317 3674 2609 3743; x_wconf 82' lang='lat' dir='ltr'>familiam</span> 
     </span>
     <span class='ocr_line' id='line_1_40' title="bbox 550 3766 1352 3849; baseline 0 -21"><span class='ocrx_word' id='word_1_270' title='bbox 550 3766 744 3828; x_wconf 80' lang='lat' dir='ltr'>caussa</span> <span class='ocrx_word' id='word_1_271' title='bbox 772 3767 1074 3849; x_wconf 86' lang='lat' dir='ltr'>regiminis</span> <span class='ocrx_word' id='word_1_272' title='bbox 1103 3769 1352 3849; x_wconf 85' lang='lat' dir='ltr'>accepit.</span> 
     </span>
    </p>

    <p class='ocr_par' dir='ltr' id='par_1_18' title="bbox 638 3853 2607 3939">
     <span class='ocr_line' id='line_1_41' title="bbox 638 3853 2607 3939; baseline 0 -22"><span class='ocrx_word' id='word_1_273' title='bbox 638 3854 1026 3917; x_wconf 80' lang='lat' dir='ltr'>Ethelbertus</span> <span class='ocrx_word' id='word_1_274' title='bbox 1042 3854 1380 3937; x_wconf 86' lang='lat' dir='ltr'>Anglorum</span> <span class='ocrx_word' id='word_1_275' title='bbox 1399 3854 1735 3919; x_wconf 83' lang='lat' dir='ltr'>vocabulo</span> <span class='ocrx_word' id='word_1_276' title='bbox 1720 3862 2145 3939; x_wconf 74' lang='lat' dir='ltr'>interpretat-ur</span> <span class='ocrx_word' id='word_1_277' title='bbox 2160 3853 2363 3918; x_wconf 88' lang='lat' dir='ltr'>nobile</span> <span class='ocrx_word' id='word_1_278' title='bbox 2380 3854 2607 3917; x_wconf 84' lang='lat' dir='ltr'>lumen.</span> 
     </span>
    </p>

    <p class='ocr_par' dir='ltr' id='par_1_19' title="bbox 639 3942 2085 4026">
     <span class='ocr_line' id='line_1_42' title="bbox 639 3942 2085 4026; baseline 0.003 -23"><span class='ocrx_word' id='word_1_279' title='bbox 639 3943 862 4005; x_wconf 86' lang='lat' dir='ltr'>Bertha</span> <span class='ocrx_word' id='word_1_280' title='bbox 887 3963 1028 4005; x_wconf 80' lang='lat' dir='ltr'>vero</span> <span class='ocrx_word' id='word_1_281' title='bbox 1059 3945 1482 4026; x_wconf 82' lang='lat' dir='ltr'>interpretatur</span> <span class='ocrx_word' id='word_1_282' title='bbox 1511 3944 1689 4018; x_wconf 79' lang='lat' dir='ltr'>clara,</span> <span class='ocrx_word' id='word_1_283' title='bbox 1734 3942 1831 4007; x_wconf 85' lang='lat' dir='ltr'>vel</span> <span class='ocrx_word' id='word_1_284' title='bbox 1869 3942 2085 4007; x_wconf 82' lang='lat' dir='ltr'>serena.</span> 
     </span>
    </p>

    <p class='ocr_par' dir='ltr' id='par_1_20' title="bbox 453 3980 2614 4203">
     <span class='ocr_line' id='line_1_43' title="bbox 641 3980 2614 4118; baseline 0.001 -27"><span class='ocrx_word' id='word_1_285' title='bbox 641 4030 784 4091; x_wconf 85' lang='lat' dir='ltr'>Fuit</span> <span class='ocrx_word' id='word_1_286' title='bbox 812 4045 1012 4094; x_wconf 83' lang='lat' dir='ltr'>autem</span> <span class='ocrx_word' id='word_1_287' title='bbox 1037 4030 1397 4115; x_wconf 77' lang='lat' dir='ltr'>Eadburgi3‚</span> <span class='ocrx_word' id='word_1_288' title='bbox 1431 4031 1623 4095; x_wconf 64' lang='lat' dir='ltr'>beata</span> <span class='ocrx_word' id='word_1_289' title='bbox 1646 4032 1999 4097; x_wconf 83' lang='lat' dir='ltr'>Milthrudis</span> <span class='ocrx_word' id='word_1_290' title='bbox 2031 4030 2291 4118; x_wconf 81' lang='lat' dir='ltr'>proavia,</span> <span class='ocrx_word' id='word_1_291' title='bbox 2322 3980 2447 4093; x_wconf 84' lang='lat' dir='ltr'>filia</span> <span class='ocrx_word' id='word_1_292' title='bbox 2471 4026 2614 4113; x_wconf 80' lang='lat' dir='ltr'>qui·</span> 
     </span>
     <span class='ocr_line' id='line_1_44' title="bbox 453 4114 1429 4203; baseline 0.001 -23"><span class='ocrx_word' id='word_1_293' title='bbox 453 4192 464 4203; x_wconf 36' lang='lat'>¹</span> <span class='ocrx_word' id='word_1_294' title='bbox 553 4114 690 4180; x_wconf 84' lang='lat' dir='ltr'>dem</span> <span class='ocrx_word' id='word_1_295' title='bbox 720 4117 1055 4181; x_wconf 88' lang='lat' dir='ltr'>Ethelberti</span> <span class='ocrx_word' id='word_1_296' title='bbox 1085 4121 1145 4181; x_wconf 88' lang='lat'>&amp;</span> <span class='ocrx_word' id='word_1_297' title='bbox 1173 4120 1429 4183; x_wconf 86' lang='lat' dir='ltr'>Berthae.</span> 
     </span>
    </p>
   </div>
   <div class='ocr_carea' id='block_1_14' title="bbox 641 4205 2615 4377">
    <p class='ocr_par' dir='ltr' id='par_1_21' title="bbox 641 4205 2615 4377">
     <span class='ocr_line' id='line_1_45' title="bbox 641 4205 1933 4291; baseline 0.002 -22"><span class='ocrx_word' id='word_1_298' title='bbox 641 4206 984 4291; x_wconf 78' lang='lat' dir='ltr'>Eadburgis</span> <span class='ocrx_word' id='word_1_299' title='bbox 1013 4208 1182 4286; x_wconf 77' lang='lat' dir='ltr'>beata</span> <span class='ocrx_word' id='word_1_300' title='bbox 1212 4208 1416 4276; x_wconf 80' lang='lat' dir='ltr'>civitas</span> <span class='ocrx_word' id='word_1_301' title='bbox 1445 4205 1933 4290; x_wconf 70' lang='lat' dir='ltr'>interpretatur.</span> 
     </span>
     <span class='ocr_line' id='line_1_46' title="bbox 1518 4288 2615 4377; baseline -0.009 -10.47"><span class='ocrx_word' id='word_1_302' title='bbox 1518 4315 1680 4367; x_wconf 72' lang='lat' dir='ltr'>aisc</span> <span class='ocrx_word' id='word_1_303' title='bbox 2290 4288 2615 4377; x_wconf 81' lang='lat' dir='ltr'>Eadburga</span> 
     </span>
    </p>
   </div>
  </div>
 </body>
</html>
