3414 4866
729 176 1439 273 ANTIQUARII
1526 172 2414 249 COLLECTANEA.
2767 184 2910 277 '269

556 318 821 393 sterium,
859 316 918 377 81
946 311 1169 377 ibidem
1200 308 1416 373 diebus
1442 301 1578 384 suia,
1608 302 1822 391 sponso
1849 321 2113 387 vocante,
2143 306 2360 377 subivit
2391 307 2616 387 fatum,

648 412 953 486 Tempore
990 411 1133 466 vero
1167 397 1325 481 regis
1348 394 1651 479 Egelredi,
1695 414 1838 459 cum
1869 396 2049 472 Dani,
2098 401 2227 462 neci
2269 400 2615 482 adjudicati,

560 496 626 561 in-
653 490 1071 557 monasterium
1098 486 1251 551 illud
1272 480 1686 567 confugiffient,
1735 486 1955 568 pariter
1983 504 2124 551 cum
2161 486 2440 553 domibus
2466 488 2617 555 insa·

563 582 749 648 tiabili
779 582 867 644 ira
894 577 1231 661 Anglorum
1261 566 1557 655 absumpti
1588 570 1744 637 sunt.

652 669 769 733 Sed
797 687 944 731 mox
970 666 1123 751 regis
1153 659 1503 747 poenitentia
1530 675 1860 747 purgatum
1897 656 2238 742 sacrarium,
2279 660 2624 733 restitutum

562 755 1013 826 monasterium.
1332 784 1345 791 ·
1861 782 1874 791 -

651 842 874 911 Nostro
913 846 1178 925 tempore
1224 834 1578 922 paueiffimis
1607 833 1712 901 ibi
1741 834 1984 915 clericis,
2027 838 2138 923 qui
2177 861 2290 924 pro
2325 836 2507 905 libito
2533 844 2622 906 vi·

564 948 789 1007 vetent,
825 938 854 978 ὰ
886 928 1155 1003 residuiS,
1204 928 1371 991 locus
1398 923 1498 989 ille
1526 924 1705 987 datur
1733 923 1768 987 a
1794 928 2048 1010 Rogero,
2096 926 2529 993 Saressbirienfi
2561 952 2626 993 e·

530 1010 832 1111 'piscop0‚
866 1015 1243 1092 Guimund0‚
1269 1012 1611 1079 excellentis
1640 1010 1980 1091 literatum,
2009 1014 2068 1077 &
2101 1036 2219 1079 non
2242 1013 2628 1099 aspernandae

568 1110 874 1193 religionis
908 1106 1211 1171 canonico,
1296 1102 1424 1186 Qi
1472 1122 1592 1165 non
1630 1100 1937 1183 inoperose
1987 1098 2294 1165 commisso
2338 1100 2622 1169 insudans

444 1198 455 1209 '
570 1195 827 1273 muneri,
890 1194 1121 1257 multos
1170 1186 1256 1254 ibi
1299 1189 1620 1256 canonicos
1664 1188 2013 1273 regulariter
2057 1188 2324 1254 victuros
2365 1190 2481 1257 deo
2517 1213 2626 1259 ex,-

572 1286 804 1351 hibuit.
1036 1318 1061 1343 .·
1434 1320 1440 1325 -

660 1375 860 1455 Pagus
886 1362 1329 1433 Bedefordenfis
1357 1364 1619 1429 continet
1646 1364 1949 1428 abbatiam
1980 1368 2045 1431 S.
2076 1364 2317 1432 Albani.

662 1464 901 1541 Corpus
950 1454 1409 1529 sacratiffimum,
1475 1451 1645 1538 quod
1690 1452 1800 1515 diu
1845 1451 1909 1517 in
1960 1467 2135 1517 terrae
2183 1454 2420 1537 pulvere
2459 1456 2628 1537 jacu-

573 1562 724 1625 erat,
769 1566 875 1609 rex
903 1542 1038 1607 offa
1074 1542 1143 1607 in
1191 1540 1407 1606 scrinio
1438 1540 1796 1605 collocatum
1819 1538 2034 1605 'erexit
2075 1542 2138 1603 in
2182 1540 2430 1618 lumina,
2476 1542 2628 1606 bafi-

575 1638 690 1703 lica
741 1632 1126 1719 pulcherrimi
1171 1630 1385 1715 operis,
1452 1628 1514 1693 &
1556 1627 1985 1697 monachorum
2036 1627 2462 1695 numerositate
2513 1630 2628 1695 ho·

577 1725 835 1791 horavit.

662 1812 739 1875 Id
768 1806 1108 1873 coenobium
1156 1824 1472 1888 nunquam
1512 1804 1756 1868 omnino
1783 1801 1970 1869 ruinae
2020 1805 2236 1889 patuit,
2257 1804 2262 1809 ’
2281 1801 2382 1869 sed
2431 1803 2634 1871 nostra

580 1914 747 1967 aetate
776 1919 880 1981 per
916 1894 1172 1959 Paulum
1198 1895 1501 1969 abbatem,
1546 1908 1758 1976 agente
1796 1891 2139 1957 Lanfranco
2165 1892 2629 1979 archiepiscope,

580 1992 644 2057 in
670 1986 969 2051 summum
998 1979 1319 2065 auspicium
1350 1980 1651 2063 religionis
1678 1978 1881 2045 evasit.
2731 2054 2736 2059 ⁸

664 2078 740 2139 In
760 2068 1279 2137 Hunttendunenfi
1304 2090 1461 2152 pago
1483 2064 1616 2131 sunt
1634 2066 1854 2143 Burch,
1873 2068 1934 2131 8c
1953 2065 2222 2151 Ramsey,
2242 2070 2303 2132 &
2326 2068 2636 2134 Croiland.
2729 2078 2736 2085 ’

664 2161 871 2225 Burch
900 2157 1045 2221 olim
1085 2155 1109 2205 b
1142 2156 1562 2221 Medehastede
1600 2156 1929 2221 dicebatur.
2020 2156 2137 2219 Sed
2169 2154 2480 2239 postquam
2517 2160 2635 2221 Ke-
2659 2180 2836 2248 [Nunc
2858 2181 2946 2231 Pe-

583 2249 853 2333 nulphus
869 2246 1047 2311 abbas
1065 2245 1268 2309 locum
1284 2264 1461 2307 muro
1496 2256 1519 2289 ⁶
1538 2241 1750 2316 cinxit,
1783 2242 2221 2307 &similitudine
2242 2244 2408 2309 'urbis
2431 2248 2637 2310 Burch
2656 2246 2920 2315 “erth
2987 2264 2995 2272 '

582 2352 830 2402 vocatus
860 2331 964 2399 est.
1052 2336 1173 2399 Hic
1212 2330 1567 2421 beatissimus
1595 2329 2019 2394 Adeluuoldus
2045 2328 2466 2396 monasterium
2493 2355 2639 2399 con·

586 2422 829 2500 struxit,
875 2422 1025 2486 adeo
1052 2420 1371 2486 elaboratis
1401 2416 1736 2502 sumptibus
1762 2418 1821 2483 δε
1847 2418 2146 2506 ampliatis
2171 2418 2638 2504 possessionibus,

590 2529 660 2580 ut
691 2533 844 2595 pene
875 2527 1001 2574 tota
1030 2513 1187 2572 circa
1214 2510 1384 2591 regio
1422 2506 1511 2571 illi
1540 2505 1857 2590 subjaceat.

680 2600 908 2664 Colunt
942 2599 1002 2661 &
1045 2596 1252 2661 fovent
1292 2594 1595 2680 relliquias
1641 2598 1703 2658 in
1743 2615 1818 2657 eo
1858 2615 2186 2678 corporum
2232 2591 2474 2662 suorum
2519 2601 2642 2664 vir·

590 2691 756 2776 gines
801 2687 1056 2763 eximiae,
1108 2680 1434 2748 Kinedrida
1480 2684 1539 2746 &
1582 2680 1972 2758 Kinesuuida,
2016 2683 2234 2768 Pendae
2263 2685 2418 2769 regis
2467 2685 2634 2754 filiae.

590 2777 807 2842 Ambae
856 2775 933 2838 ab
972 2773 1223 2838 infantia
1252 2771 1369 2836 deo
1396 2771 1603 2835 dicatae
1638 2770 1842 2856 nobile
1884 2768 2256 2856 propositum
2285 2769 2318 2818 'd
2354 2776 2640 2839 triverunt

592 2865 674 2928 'ad
703 2861 947 2928 senium.
1050 2907 1061 2918 .

596 3027 603 3034 ,
684 2952 803 3014 Sed
845 2952 1051 3033 junior
1094 2967 1220 3011 non
1266 2944 1442 3012 solius
1482 2943 1571 3011 sui
1600 2959 1897 3012 contenta
1944 2942 2151 3021 salute,
2212 2947 2390 3010 etiam
2441 2947 2645 3013 offiun

596 3035 880 3122 sponsum
905 3037 1207 3104 coelibatui
1234 3033 1610 3100 consecravit.
1698 3035 1763 3100 Is
1804 3031 1922 3097 fuit
1963 3054 2070 3100 rex
2096 3035 2494 3100 Orientalium
2521 3041 2648 3102 An-

645 3126 864 3190 lorum.
970 3169 981 3186 t

596 3147 643 3212 g
690 3209 1091 3287 Kinesuuidae,
1135 3212 1307 3291 eujus
1346 3211 1584 3296 nuptias
1613 3205 1924 3293 spreverat,
1970 3210 2206 3274 monitu
2242 3223 2269 3258 e
2297 3209 2546 3274 edod'tus
2587 3231 2652 3274 a-

600 3323 791 3368 mores
822 3317 1054 3366 mutare
1083 3300 1143 3362 in
1171 3297 1403 3373 melius,
1452 3301 1707 3362 Romam
1739 3319 1877 3362 cum
1919 3297 2224 3372 Kenredo,
2267 3318 2406 3382 rege
2435 3299 2654 3362 Merci-

600 3395 797 3466 orum',
843 3391 903 3452 &
945 3386 1221 3473 ngin0,
1259 3387 1627 3469 WiCtiorum
1657 3383 1936 3460 antistite,
1981 3386 2110 3462 ivit,
2159 3386 2271 3449 ubi
2293 3383 2560 3458 attonsus
2585 3388 2651 3459 in

599 3477 987 3553 monachum,
1036 3475 1276 3539 terrenis
1305 3472 1412 3538 suo
1442 3491 1710 3557 tempore
1739 3470 2023 3538 valefecit.
2635 3543 2644 3558 .

680 3565 726 3632 f
761 3570 896 3630 Rex
917 3562 1151 3627 sanCtus
1171 3560 1531 3638 Osuualdus,
1561 3562 1735 3642 cujus
1763 3560 1848 3624 ibi
1879 3561 2189 3624 brachium
2210 3559 2415 3626 haberi
2439 3559 2651 3626 dicunt

603 3655 819 3732 nervis,
864 3669 1020 3726 cute,
1081 3669 1255 3714 carne
1304 3650 1626 3734 integrum,
1689 3649 1768 3712 ab
1805 3649 2048 3734 antiqua
2087 3651 2472 3734 requietionis
2518 3645 2656 3714 sede
2751 3649 2758 3656 ’

604 3741 814 3808 furtim
846 3738 1173 3804 sublatum.
1530 3781 1546 3792 -

692 3827 1075 3896 Ramefienfis
1103 3821 1357 3891 abbatiae
1376 3821 1494 3890 fuit
1518 3821 1846 3890 aedificator
1876 3825 1938 3889 S.
1963 3819 2296 3901 oswaldus,
2340 3821 2656 3910 archiepis·

658 4009 705 4054 'a
738 4005 815 4052 Ita
838 4002 940 4054 Cod.
967 3998 1077 4052 Sell.
1104 3999 1159 4050 ύ·
1184 3997 1275 4049 Ed.
1294 3999 1412 4050 δαν.
1436 4015 1521 4048 non
1540 3996 1768 4054 residuus,
1803 4006 1853 4047 ut
1872 3997 1917 4047 in
1941 3995 2015 4046 M
2017 3999 2064 4048 S.
2091 3995 2377 4048 Lelandiaeno.
2475 3994 2501 4045 b
2535 3999 2659 4064 Lege

604 4067 1004 4118 Medehamstede.
1060 4065 1131 4114 sic
1150 4065 1266 4116 enim
1283 4064 1399 4114 alibi.
1462 4067 1575 4113 Nec
1586 4065 1784 4113 aliter-in
1803 4064 1906 4113 Cod.
1926 4062 2030 4113 seu.
2061 4065 2114 4114 ὑ·
2136 4063 2226 4112 Ed.
2251 4067 2366 4112 εσυ.
2434 4076 2458 4110 c
2491 4064 2661 4114 Erexit

610 4132 736 4186 MS.
754 4132 865 4183 Sell.
891 4135 946 4186 (σν
968 4132 1062 4182 Ed.
1078 4133 1195 4181 δαν.
1215 4146 1299 4180 non
1317 4131 1425 4179 adeo
1442 4128 1581 4190 ηδε,
1598 4139 1651 4179 ut
1669 4131 1867 4180 videtur.
1932 4129 1964 4178 d
1993 4127 2134 4178 Hand
2145 4128 2280 4178 aliter
2327 4143 2463 4193 noque
2479 4128 2526 4176 in
2549 4129 2658 4177 God-

613 4197 726 4262 Sell.
785 4200 854 4247 At
872 4199 919 4248 in
941 4197 1028 4247 Ed.
1052 4198 1169 4246 Sav.
1192 4206 1467 4245 tenuerunt.
1534 4211 1559 4244 e
1592 4195 1886 4260 Offascilicet.
1943 4193 1988 4259 s
2013 4197 2166 4246 Ornat
2186 4144 2330 4245 sodes·

557 4318 565 4324 .
610 4278 737 4318 num
772 4263 851 4328 (ut
878 4263 1157 4331 praedicant)
1192 4277 1277 4314 rex
1294 4261 1483 4314 sanetus
1508 4261 1605 4312 (π.
1634 4260 1738 4314 Cod.
1757 4260 1868 4315 Sell.
1896 4259 1952 4313 (r
1975 4259 2063 4310 Ed.
2088 4257 2206 4316 δαν.
2317 4203 2479 4244 itatem
2509 4209 2662 4339 vnn-3¹·

2474 4382 2662 4452 copus
