3414 4866
627 225 777 312 334:
1182 211 1868 310 'JoANN'IS
1982 215 2620 294 Lx-:LANnt

998 360 1177 421 Anno
1198 361 1281 422 D.
1314 359 1502 423 1016.
1536 359 1890 444 AEgelredus
1915 379 2116 424 x1111.
2139 358 2474 424 Indifiione
2498 377 2606 423 11.
2641 355 2797 421 Cal:
2825 357 3042 437 blan,

1560 465 1750 513 xttxvii.
1775 467 1908 531 regni
1944 465 2014 514 sui
2036 481 2182 515 anno.

651 605 670 614 ,
912 529 1059 594 feria
1091 541 1181 597 2³.
1217 532 1548 596 Londoniae
1578 531 1899 596 defunehzs
1927 532 2031 596 est.

538 683 545 688 ‚
586 623 715 676 Beua
735 626 863 704 inger
1004 622 1241 682 Eodem
1268 643 1425 684 anno
1456 620 1571 684 Dei
1600 619 1790 682 fretus
1825 620 2049 684 auxilio
2077 619 2356 683 audaeier
2383 620 2446 682 in
2479 615 2878 682 Dorsetania
2915 637 3036 683 oc·

586 694 897 756 Eds-“undum
916 711 1120 783 currit,
1171 712 1226 770 Sc
1257 711 1318 770 in
1349 710 1504 782 loco,
1550 704 1659 791 qui
1690 710 1963 774 Pennum
1991 707 2341 794 appellatur,
2379 709 2562 790 juxta
2589 707 3028 794 Gillingham

586 761 809 807 Ferreum
834 756 881 805 0&
1354 807 1363 815 ⁶

588 825 848 872 Canutum.
1111 806 1215 871 supt
1240 810 1403 856 Danas.

588 891 811 937 Pennum
919 893 1056 938 cum
1086 879 1171 936 eis
1198 872 1489 936 confliXit.

572 954 725 1067 {Px‘g
744 952 853 1001 Gn·
1007 963 1353 1024 Secundum
1382 961 1605 1024 bellurn
1642 975 1848 1040 contra
1893 964 2100 1024 Dauos
2129 958 2426 1024 commisit
2461 957 2634 1042 apud
2667 954 3010 1022 Scearstan

586 1036 825 1134 {223¹}
917 1050 980 1110 in
1018 1049 1345 1112 kuiccia.

588 1165 707 1215 opp.
1006 1137 1287 1198 Tertium
1321 1137 1537 1201 bellum
1570 1157 1714 1198 cum
1742 1137 1929 1198 DanIs
1959 1135 2170 1198 habuit
2199 1155 2384 1218 prope
2411 1131 2788 1200 Brentford.

1006 1228 1314 1310 Qartum
1364 1247 1547 1308 prope
1576 1223 1955 1301 Ottanforde,
2003 1245 2130 1307 quo
2171 1225 2329 1286 bello
2370 1220 2565 1306 fugati
2615 1219 2771 1286 sunt
2804 1222 3000 1299 Dani,

920 1315 1025 1394 qui
1058 1319 1313 1394 Scepege
1343 1315 1658 1395 petierunt.
2117 1325 2122 1333 ·

1005 1403 1305 1487 Qintum
1337 1401 1499 1483 apud
1530 1398 1862 1462 Effendune
1892 1401 1951 1461 in
1985 1397 2377 1462 Eastsaxonia.

588 1490 899 1544 Deo'rhusste-
974 1547 979 1552 ,
1005 1489 1212 1550 Ambo
1240 1507 1407 1570 reges
1436 1488 1512 1550 ad
1541 1489 1762 1560 locum,
1809 1489 1917 1570 qui
1943 1487 2248 1551 Deorhirst
2275 1488 2642 1559 nominatur,
2693 1487 2764 1548 in
2797 1503 2996 1546 unum

916 1590 1348 1638 convenerunt.
1439 1575 1829 1636 Eadmundus
1867 1595 2007 1636 cum
2053 1573 2166 1637 suis
2212 1574 2276 1637 in
2309 1573 2661 1638 occidentali
2689 1575 2840 1654 ripa
2895 1576 2997 1634 Sa-

914 1662 1129 1736 brinae,
1178 1665 1617 1726 Canutus'vero
1646 1664 1707 1723 in
1733 1661 2004 1724 orientali
2035 1683 2172 1724 cum
2201 1660 2342 1741 suiS.
2432 1659 2672 1726 Deinde
2695 1675 2996 1740 -uterque

911 1770 1024 1811 rex
1068 1751 1129 1810 in
1160 1748 1427 1824 insulam,
1475 1769 1611 1832 quae
1639 1750 1900 1832 Olanege
1931 1751 2281 1832 appellatur,
2327 1747 2386 1811 δι
2419 1745 2504 1811 est
2535 1749 2596 1810 in
2643 1747 2841 1832 ipsius
2875 1747 2988 1810 flu:

916 1837 1117 1900 medio
1147 1835 1273 1912 fita,
1309 1838 1577 1900 trabariis
1606 1837 1941 1899 advehitur.
2031 1837 2149 1900 Ubi
2183 1857 2343 1918 pace,
2373 1834 2656 1910 amicitia,
2692 1833 2991 1897 fraterni-

920 1937 1046 1985 tate
1094 1924 1153 2006 &
1192 1925 1375 2006 pasto
1414 1927 1473 1988 8(
1515 1921 1888 1987 sacramentis
1933 1925 2302 1998 confirmata,
2349 1943 2603 2008 regnum
2651 1922 2991 1988 dividitur.

915 2013 1077 2074 Dein
1108 2012 1286 2074 armis
1316 2028 1343 2058 a
1382 2013 1670 2074 mutuatis
1698 2011 1756 2073 &
1791 2011 2066 2088 vestibUS,
2115 2011 2479 2094 tributoque,
2527 2010 2699 2094 quod
2725 2009 2990 2073 clafficae

1452 2100 1529 2137 Η

916 2186 1120 2248 manui
1146 2186 1524 2268 penderetur,
1552 2185 1792 2264 statuto,
1817 2187 1893 2250 ab
1917 2189 2170 2261 invicem
2193 2186 2586 2250 discesserunt.
2633 2184 2974 2248 Lelandus.

920 2276 1075 2334 Sunt
1102 2274 1209 2355 qui
1239 2270 1519 2349 scribunt,
1564 2275 1840 2338 duellum
1867 2277 2234 2341 commiffum
2260 2271 2428 2337 fuiffe
2458 2273 2522 2336 in
2553 2271 2785 2356 Olnege
2811 2275 2976 2336 inter

782 2438 787 2445 .
864 2425 869 2430 ,
919 2361 1353 2424 Eadmundum
1383 2365 1442 2422 8<
1474 2365 1798 2426 Canutum.
2722 2391 2733 2402 ’

1006 2448 1143 2513 Post
1172 2451 1295 2513 haec
1332 2470 1437 2513 rex
1482 2451 1876 2513 Eadmundus
1905 2451 2194 2514 Ferreum
2219 2450 2374 2516 latus
2403 2450 2558 2513 circa
2584 2444 2969 2511 festivitatem

866 2578 871 2585 .
916 2536 1176 2600 Andreae
1220 2536 1463 2619 apostoli
1498 2536 1989 2603 xv..-Indi·stione
2017 2538 2253 2603 deceffit
2292 2535 2648 2611 Londoniae,
2697 2532 2798 2599 sed
2829 2556 2969 2599 cum

915 2644 1031 2687 avo
1060 2622 1165 2686 suo
1194 2646 1331 2707 rege
1363 2624 1606 2705 pacifico
1633 2626 1909 2707 Eadgaro
1943 2624 2202 2707 sepultus
2229 2624 2312 2688 est
2341 2622 2702 2689 Glesconiae.

1009 2715 1189 2773 Anno
1212 2715 1294 2775 D.
1334 2715 1521 2774 1018.
1555 2716 1762 2794 ingens
1793 2714 2014 2776 bellum
2043 2714 2203 2796 apud
2227 2716 2486 2775 Carrum
2509 2710 2742 2794 gestum
2770 2708 2849 2773 est
2871 2712 2966 2773 ln-

922 2811 1015 2859 ter
1046 2801 1283 2859 Scottos
1326 2801 1384 2860 &
1412 2800 1643 2883 Anglos
1672 2800 1826 2862 inter
1857 2802 2220 2873 Hutredum,
2251 2800 2444 2863 filium
2473 2796 2738 2873 Waldef,
2783 2799 2963 2862 comi-

709 2959 720 2971 ,
919 2901 1048 2953 ,tem
1074 2886 1658 2961 Northumbrorum‚
1690 2890 1752 2949 Sc
1781 2888 2131 2963 Malcholm,
2165 2888 2356 2951 filium
2379 2886 2638 2968 cymeth,
2671 2906 2818 2949 cum
2839 2907 2960 2971 quo

584 2958 849 3073 gutxnen-
920 2970 1044 3036 fuit
1074 2976 1135 3035 in
1166 2972 1325 3035 bello
1353 2973 1663 3057 Eugenius
1692 2974 1934 3051 CalvuS,
1981 2997 2090 3039 rex
2131 2973 2155 3022 h
2193 2972 2650 3040 Clutinenfium.

665 3062 678 3074 ·
2255 3062 2334 3099 -ι-ι·

926 3180 929 3187 -
1008 3150 1189 3211 Anno
1210 3148 1292 3209 D.
1324 3166 1441 3229 103
1457 3165 1511 3230 ς.
1547 3153 1836 3221 Cauaras,
1865 3170 1972 3212 rex
1993 3149 2349 3233 Anglorum,
2382 3163 2516 3212 ante
2535 3145 2712 3211 suum
2737 3147 2955 3211 obitum

920 3232 1095 3317 super
1124 3236 1475 3320 Noreganos
1498 3240 1768 3299 Suanum
1789 3238 1988 3300 filium
2013 3236 2186 3301 suum
2216 3257 2416 3320 regem
2438 3235 2766 3311 constituit,
2797 3234 2950 3317 super

918 3307 1131 3383 Dauos
1176 3340 1317 3384 vero
1369 3324 1850 3386 Hardecanutum
1899 3324 2078 3387 suum
2117 3327 2178 3387 δε
2222 3328 2458 3387 Emmae
2505 3324 2726 3405 reginae
2775 3322 2954 3385 filium

919 3423 1122 3491 regem
1168 3408 1431 3483 locavit3
1479 3412 1813 3475 Haroldum
1843 3432 1980 3473 vero
2019 3413 2218 3473 filium
2243 3411 2418 3473 {uum
2461 3431 2540 3473 ex
2573 3407 2953 3477 Hamtunensi

921 3497 1156 3579 AElgiva
1206 3516 1403 3579 regem
1448 3498 1792 3580 Anglorum
1837 3498 2168 3573 constituit,
2211 3500 2270 3561 &
2316 3495 2510 3579 postea
2555 3499 2674 3563 hoc
2717 3518 2874 3561 anno
2895 3497 2954 3561 ii.

817 3593 825 3597 ·
918 3583 1069 3653 Idus
1098 3582 1460 3647 Novembris
1487 3582 1633 3650 feria
1660 3600 1756 3663 4⁸.
1791 3586 1954 3667 apud
1985 3582 2422 3649 Sceftesbiriam
2464 3588 2584 3647 vita
2611 3584 2866 3660 deceffit,
2907 3585 2958 3647 δι

924 3670 1252 3731 Wintoniae
1282 3673 1342 3733 in
1370 3675 1549 3733 veteri
1583 3672 1936 3736 monasterio
1975 3670 2108 3736 satis
2143 3672 2468 3736 honorifice
2496 3669 2794 3757 sepelitur.

918 3776 927 3783 ·
1010 3760 1172 3818 Rom
1201 3755 1691 3841 Magesetenfium
1719 3781 1936 3823 comes,

1000 3845 1321 3928 Beverege,
1368 3842 1557 3910 insula
1586 3848 1855 3918 Sabrinae
1877 3848 1984 3911 flue
2015 3848 2356 3933 praefidium
2382 3846 2608 3911 civium
2625 3843 2664 3908 ὲ
2683 3847 2956 3931 vigornia

923 3927 1314 4015 fugientium.
2014 3934 2016 3936 ’
2244 4002 2249 4007 ,

1008 4024 1191 4083 Anno
1220 4023 1301 4083 D.
1349 4040 1538 4103 1053·
1568 4022 1814 4097 Grifini,
1847 4026 1999 4107 regis
2031 4021 2401 4087 Australium
2428 4020 2818 4095 Walenfium,
2847 4018 2950 4084 fra-

922 4119 1033 4185 ter,
1066 4112 1189 4171 Res
1210 4111 1467 4183 nomine,
1500 4128 1746 4195 propter
1772 4109 2111 4195 frequentes
2135 4112 2382 4192 praedas,
2411 4130 2566 4193 quas
2585 4110 2712 4193 egit
2731 4108 2952 4185 inloto,

916 4238 927 4247 ’
990 4263 1019 4294 a
1050 4246 1144 4307 Sic,
1177 4261 1275 4295 cum
1285 4244 1411 4323 sign?
1434 4243 1522 4318 sub.
1556 4263 1682 4323 vocf.
1704 4315 1714 4323 ·
1749 4250 1808 4296 M
1813 4250 1988 4300 utuatis
2017 4258 2167 4305 tamen
2198 4253 2330 4307 etiam
2353 4252 2398 4302 in
2419 4251 2651 4323 intfreffis.
2719 4248 2744 4304 b
2773 4252 2840 4303 Sic
2861 4266 2950 4301 cun

918 4306 1138 4379 fignosub
1160 4328 1210 4362 u.
1275 4312 1613 4369 Luunenssum
1634 4334 1675 4372 m
1698 4326 1806 4385 tmpa
1819 4314 1892 4383 ff
1977 4339 1984 4345 ·
2928 4384 2942 4401 .

1070 4418 1081 4427 .
2849 4404 2944 4467 qil!
