<?xml version="1.0" encoding="UTF-8"?>
<!DOCTYPE html PUBLIC "-//W3C//DTD XHTML 1.0 Transitional//EN"
    "http://www.w3.org/TR/xhtml1/DTD/xhtml1-transitional.dtd">
<html xmlns="http://www.w3.org/1999/xhtml" xml:lang="en" lang="en">
 <head>
  <title>
</title>
<meta http-equiv="Content-Type" content="text/html;charset=utf-8" />
  <meta name='ocr-system' content='tesseract 3.04.00' />
  <meta name='ocr-capabilities' content='ocr_page ocr_carea ocr_par ocr_line ocrx_word'/>
</head>
<body>
  <div class='ocr_page' id='page_1' title='image "./joannislelandia02heargoog_0430.png"; bbox 0 0 3414 4866; ppageno 0'>
   <div class='ocr_carea' id='block_1_1' title="bbox 546 228 733 292">
    <p class='ocr_par' dir='ltr' id='par_1_1' title="bbox 546 228 733 292">
     <span class='ocr_line' id='line_1_1' title="bbox 546 228 733 292; baseline -0.037 -7"><span class='ocrx_word' id='word_1_1' title='bbox 546 273 551 285; x_wconf 85' lang='lat'>.</span> <span class='ocrx_word' id='word_1_2' title='bbox 592 228 733 292; x_wconf 69' lang='grc'>424</span> 
     </span>
    </p>
   </div>
   <div class='ocr_carea' id='block_1_2' title="bbox 1186 190 2592 303">
    <p class='ocr_par' dir='ltr' id='par_1_2' title="bbox 1186 190 2592 303">
     <span class='ocr_line' id='line_1_2' title="bbox 1186 190 2592 303; baseline -0.006 -27.68"><span class='ocrx_word' id='word_1_3' title='bbox 1186 190 1850 303; x_wconf 65' lang='lat' dir='ltr'>joannis</span> <span class='ocrx_word' id='word_1_4' title='bbox 1955 200 2592 270; x_wconf 70' lang='lat' dir='ltr'>LnnAnnr</span> 
     </span>
    </p>
   </div>
   <div class='ocr_carea' id='block_1_3' title="bbox 884 321 2927 502">
    <p class='ocr_par' dir='ltr' id='par_1_3' title="bbox 884 321 2927 502">
     <span class='ocr_line' id='line_1_3' title="bbox 911 321 2927 416; baseline 0.001 -20.069"><span class='ocrx_word' id='word_1_5' title='bbox 911 321 1299 407; x_wconf 73' lang='grc' dir='ltr'>Ηιειιιῐιτιιε,Ι</span> <span class='ocrx_word' id='word_1_6' title='bbox 1322 328 1483 394; x_wconf 83' lang='lat' dir='ltr'>filius</span> <span class='ocrx_word' id='word_1_7' title='bbox 1514 331 1756 396; x_wconf 78' lang='lat' dir='ltr'>Henriei</span> <span class='ocrx_word' id='word_1_8' title='bbox 1781 332 1960 416; x_wconf 72' lang='lat' dir='ltr'>regie,</span> <span class='ocrx_word' id='word_1_9' title='bbox 1994 335 2054 398; x_wconf 78' lang='grc' dir='ltr'>δι</span> <span class='ocrx_word' id='word_1_10' title='bbox 2083 331 2424 398; x_wconf 87' lang='lat' dir='ltr'>Richardus</span> <span class='ocrx_word' id='word_1_11' title='bbox 2451 335 2626 411; x_wconf 85' lang='lat' dir='ltr'>Luci,</span> <span class='ocrx_word' id='word_1_12' title='bbox 2645 337 2789 398; x_wconf 81' lang='lat' dir='ltr'>cum</span> <span class='ocrx_word' id='word_1_13' title='bbox 2807 333 2927 398; x_wconf 65' lang='lat' dir='ltr'>aliis</span> 
     </span>
     <span class='ocr_line' id='line_1_4' title="bbox 884 415 2393 502; baseline 0.001 -18"><span class='ocrx_word' id='word_1_14' title='bbox 884 420 1273 502; x_wconf 79' lang='lat' dir='ltr'>magnatibus</span> <span class='ocrx_word' id='word_1_15' title='bbox 1303 415 1626 481; x_wconf 84' lang='lat' dir='ltr'>interfuere</span> <span class='ocrx_word' id='word_1_16' title='bbox 1652 416 2075 485; x_wconf 84' lang='lat' dir='ltr'>consecrationi</span> <span class='ocrx_word' id='word_1_17' title='bbox 2107 421 2393 488; x_wconf 82' lang='lat' dir='ltr'>Thomae.</span> 
     </span>
    </p>
   </div>
   <div class='ocr_carea' id='block_1_4' title="bbox 877 504 2920 596">
    <p class='ocr_par' dir='ltr' id='par_1_4' title="bbox 877 504 2920 596">
     <span class='ocr_line' id='line_1_5' title="bbox 877 504 2920 596; baseline 0 -26"><span class='ocrx_word' id='word_1_18' title='bbox 877 549 890 556; x_wconf 86' lang='lat'>-</span> <span class='ocrx_word' id='word_1_19' title='bbox 973 506 1313 572; x_wconf 71' lang='lat' dir='ltr'>Alexander</span> <span class='ocrx_word' id='word_1_20' title='bbox 1349 519 1509 591; x_wconf 78' lang='lat' dir='ltr'>papa</span> <span class='ocrx_word' id='word_1_21' title='bbox 1536 525 1605 592; x_wconf 85' lang='lat'>3.</span> <span class='ocrx_word' id='word_1_22' title='bbox 1650 505 1812 572; x_wconf 84' lang='lat' dir='ltr'>mifit</span> <span class='ocrx_word' id='word_1_23' title='bbox 1855 508 2147 574; x_wconf 82' lang='lat' dir='ltr'>Thomae</span> <span class='ocrx_word' id='word_1_24' title='bbox 2160 509 2412 592; x_wconf 84' lang='lat' dir='ltr'>pallium</span> <span class='ocrx_word' id='word_1_25' title='bbox 2457 530 2562 596; x_wconf 84' lang='lat' dir='ltr'>per</span> <span class='ocrx_word' id='word_1_26' title='bbox 2600 504 2779 590; x_wconf 74' lang='lat' dir='ltr'>J&#39;oam</span> <span class='ocrx_word' id='word_1_27' title='bbox 2826 511 2920 571; x_wconf 88' lang='lat' dir='ltr'>Sa·</span> 
     </span>
    </p>
   </div>
   <div class='ocr_carea' id='block_1_5' title="bbox 879 590 1300 658">
    <p class='ocr_par' dir='ltr' id='par_1_5' title="bbox 879 590 1300 658">
     <span class='ocr_line' id='line_1_6' title="bbox 879 590 1300 658; baseline 0.003 -4"><span class='ocrx_word' id='word_1_28' title='bbox 879 590 1300 658; x_wconf 83' lang='lat' dir='ltr'>risbiriensem.</span> 
     </span>
    </p>
   </div>
   <div class='ocr_carea' id='block_1_6' title="bbox 972 677 2916 794">
    <p class='ocr_par' dir='ltr' id='par_1_6' title="bbox 972 677 2916 794">
     <span class='ocr_line' id='line_1_7' title="bbox 972 677 2916 794; baseline 0.002 -49"><span class='ocrx_word' id='word_1_29' title='bbox 972 680 1250 746; x_wconf 85' lang='lat' dir='ltr'>Thomas</span> <span class='ocrx_word' id='word_1_30' title='bbox 1298 677 1439 750; x_wconf 79' lang='lat' dir='ltr'>usus</span> <span class='ocrx_word' id='word_1_31' title='bbox 1486 679 1573 746; x_wconf 89' lang='lat' dir='ltr'>est</span> <span class='ocrx_word' id='word_1_32' title='bbox 1619 680 2064 794; x_wconf 65' lang='lat' dir='ltr'>conviciet-ibus</span> <span class='ocrx_word' id='word_1_33' title='bbox 2091 683 2402 748; x_wconf 85' lang='lat' dir='ltr'>monachis</span> <span class='ocrx_word' id='word_1_34' title='bbox 2439 702 2509 748; x_wconf 86' lang='lat' dir='ltr'>ac</span> <span class='ocrx_word' id='word_1_35' title='bbox 2549 682 2781 748; x_wconf 80' lang='lat' dir='ltr'>clericis</span> <span class='ocrx_word' id='word_1_36' title='bbox 2817 683 2916 748; x_wconf 89' lang='lat' dir='ltr'>ho-</span> 
     </span>
    </p>
   </div>
   <div class='ocr_carea' id='block_1_7' title="bbox 610 765 1511 984">
    <p class='ocr_par' dir='ltr' id='par_1_7' title="bbox 610 765 1509 984">
     <span class='ocr_line' id='line_1_8' title="bbox 878 765 1509 835; baseline 0 -1"><span class='ocrx_word' id='word_1_37' title='bbox 878 765 1092 835; x_wconf 76' lang='lat' dir='ltr'>nestifl‘:</span> <span class='ocrx_word' id='word_1_38' title='bbox 1124 789 1195 834; x_wconf 89' lang='lat' dir='ltr'>ac</span> <span class='ocrx_word' id='word_1_39' title='bbox 1220 768 1509 834; x_wconf 77' lang='lat' dir='ltr'>literatiss’:</span> 
     </span>
     <span class='ocr_line' id='line_1_9' title="bbox 610 897 1511 984; baseline 0.002 -22"><span class='ocrx_word' id='word_1_40' title='bbox 610 901 911 984; x_wconf 65' lang='lat' dir='ltr'>,Rogerus</span> <span class='ocrx_word' id='word_1_41' title='bbox 956 919 1156 964; x_wconf 86' lang='lat' dir='ltr'>comes</span> <span class='ocrx_word' id='word_1_42' title='bbox 1202 899 1278 964; x_wconf 89' lang='lat' dir='ltr'>de</span> <span class='ocrx_word' id='word_1_43' title='bbox 1317 897 1511 966; x_wconf 87' lang='lat' dir='ltr'>Clare.</span> 
     </span>
    </p>
   </div>
   <div class='ocr_carea' id='block_1_8' title="bbox 548 983 1512 1072">
    <p class='ocr_par' dir='ltr' id='par_1_8' title="bbox 548 983 1512 1072">
     <span class='ocr_line' id='line_1_10' title="bbox 548 983 1512 1072; baseline 0.004 -23"><span class='ocrx_word' id='word_1_44' title='bbox 548 983 706 1049; x_wconf 83' lang='lat' dir='ltr'>Vide</span> <span class='ocrx_word' id='word_1_45' title='bbox 722 1007 871 1050; x_wconf 87' lang='lat' dir='ltr'>num</span> <span class='ocrx_word' id='word_1_46' title='bbox 891 987 1234 1072; x_wconf 89' lang='lat' dir='ltr'>legendum,</span> <span class='ocrx_word' id='word_1_47' title='bbox 1263 986 1512 1053; x_wconf 91' lang='lat' dir='ltr'>Richar-</span> 
     </span>
    </p>
   </div>
   <div class='ocr_carea' id='block_1_9' title="bbox 544 1072 1509 1248">
    <p class='ocr_par' dir='ltr' id='par_1_9' title="bbox 544 1072 1509 1248">
     <span class='ocr_line' id='line_1_11' title="bbox 544 1072 1509 1158; baseline 0.003 -22"><span class='ocrx_word' id='word_1_48' title='bbox 544 1072 702 1136; x_wconf 62' lang='lat' dir='ltr'>dus„</span> <span class='ocrx_word' id='word_1_49' title='bbox 714 1075 1077 1158; x_wconf 88' lang='lat' dir='ltr'>Radulphus</span> <span class='ocrx_word' id='word_1_50' title='bbox 1100 1077 1175 1140; x_wconf 89' lang='lat' dir='ltr'>de</span> <span class='ocrx_word' id='word_1_51' title='bbox 1192 1075 1409 1139; x_wconf 90' lang='lat' dir='ltr'>Diceto</span> <span class='ocrx_word' id='word_1_52' title='bbox 1426 1075 1509 1139; x_wconf 89' lang='lat' dir='ltr'>le·</span> 
     </span>
     <span class='ocr_line' id='line_1_12' title="bbox 544 1161 965 1248; baseline 0.013 -27"><span class='ocrx_word' id='word_1_53' title='bbox 544 1161 642 1248; x_wconf 74' lang='lat' dir='ltr'>git</span> <span class='ocrx_word' id='word_1_54' title='bbox 670 1165 965 1247; x_wconf 85' lang='lat' dir='ltr'>Rogerus.</span> 
     </span>
    </p>
   </div>
   <div class='ocr_carea' id='block_1_10' title="bbox 1593 831 2927 1292">
    <p class='ocr_par' dir='ltr' id='par_1_10' title="bbox 1593 831 2927 1292">
     <span class='ocr_line' id='line_1_13' title="bbox 1690 831 2915 932; baseline 0 -10"><span class='ocrx_word' id='word_1_55' title='bbox 1690 855 1968 922; x_wconf 82' lang='lat' dir='ltr'>Thomas</span> <span class='ocrx_word' id='word_1_56' title='bbox 2053 831 2406 932; x_wconf 81' lang='lat' dir='ltr'>intendebat</span> <span class='ocrx_word' id='word_1_57' title='bbox 2473 878 2763 932; x_wconf 88' lang='lat' dir='ltr'>revocare</span> <span class='ocrx_word' id='word_1_58' title='bbox 2837 877 2915 922; x_wconf 84' lang='lat' dir='ltr'>ca-</span> 
     </span>
     <span class='ocr_line' id='line_1_14' title="bbox 1593 927 2920 1029; baseline -0.002 -19"><span class='ocrx_word' id='word_1_59' title='bbox 1593 941 1788 1010; x_wconf 80' lang='lat' dir='ltr'>strum</span> <span class='ocrx_word' id='word_1_60' title='bbox 1831 945 1907 1010; x_wconf 87' lang='lat' dir='ltr'>de</span> <span class='ocrx_word' id='word_1_61' title='bbox 1947 927 2343 1029; x_wconf 85' lang='lat' dir='ltr'>Tunebridge</span> <span class='ocrx_word' id='word_1_62' title='bbox 2376 943 2409 1006; x_wconf 73' lang='grc' dir='ltr'>ἐ</span> <span class='ocrx_word' id='word_1_63' title='bbox 2443 947 2691 1029; x_wconf 76' lang='lat' dir='ltr'>Roget-o</span> <span class='ocrx_word' id='word_1_64' title='bbox 2721 948 2920 1009; x_wconf 83' lang='lat' dir='ltr'>comite</span> 
     </span>
     <span class='ocr_line' id='line_1_15' title="bbox 1598 1031 2922 1115; baseline 0.001 -21"><span class='ocrx_word' id='word_1_65' title='bbox 1598 1031 1677 1094; x_wconf 91' lang='lat' dir='ltr'>de</span> <span class='ocrx_word' id='word_1_66' title='bbox 1711 1034 1904 1108; x_wconf 89' lang='lat' dir='ltr'>Clare,</span> <span class='ocrx_word' id='word_1_67' title='bbox 1937 1033 2106 1115; x_wconf 87' lang='lat' dir='ltr'>quod</span> <span class='ocrx_word' id='word_1_68' title='bbox 2135 1035 2213 1097; x_wconf 88' lang='lat' dir='ltr'>ab</span> <span class='ocrx_word' id='word_1_69' title='bbox 2247 1031 2498 1114; x_wconf 84' lang='lat' dir='ltr'>ecclesia</span> <span class='ocrx_word' id='word_1_70' title='bbox 2517 1032 2742 1096; x_wconf 87' lang='lat' dir='ltr'>Christi</span> <span class='ocrx_word' id='word_1_71' title='bbox 2783 1037 2922 1096; x_wconf 86' lang='lat' dir='ltr'>Can·</span> 
     </span>
     <span class='ocr_line' id='line_1_16' title="bbox 1598 1097 2927 1197; baseline 0.002 -15"><span class='ocrx_word' id='word_1_72' title='bbox 1598 1133 1664 1182; x_wconf 89' lang='lat' dir='ltr'>tu</span> <span class='ocrx_word' id='word_1_73' title='bbox 1624 1139 1756 1182; x_wconf 68' lang='lat' dir='ltr'>aurs</span> <span class='ocrx_word' id='word_1_74' title='bbox 1803 1120 2118 1184; x_wconf 80' lang='lat' dir='ltr'>aalienata</span> <span class='ocrx_word' id='word_1_75' title='bbox 2143 1119 2358 1197; x_wconf 73' lang='lat' dir='ltr'>fuerat,</span> <span class='ocrx_word' id='word_1_76' title='bbox 2391 1122 2449 1182; x_wconf 78' lang='lat' dir='ltr'>8c</span> <span class='ocrx_word' id='word_1_77' title='bbox 2479 1097 2601 1187; x_wconf 69' lang='lat' dir='ltr'>lioc</span> <span class='ocrx_word' id='word_1_78' title='bbox 2627 1120 2854 1184; x_wconf 71' lang='lat' dir='ltr'>accessit</span> <span class='ocrx_word' id='word_1_79' title='bbox 2877 1121 2927 1184; x_wconf 90' lang='lat' dir='ltr'>ei</span> 
     </span>
     <span class='ocr_line' id='line_1_17' title="bbox 1596 1168 2494 1292; baseline 0 -22"><span class='ocrx_word' id='word_1_80' title='bbox 1596 1209 1675 1270; x_wconf 84' lang='lat' dir='ltr'>ad</span> <span class='ocrx_word' id='word_1_81' title='bbox 1702 1207 2020 1272; x_wconf 87' lang='lat' dir='ltr'>cumulum</span> <span class='ocrx_word' id='word_1_82' title='bbox 2051 1168 2494 1292; x_wconf 80' lang='lat' dir='ltr'>indignationis,</span> 
     </span>
    </p>
   </div>
   <div class='ocr_carea' id='block_1_11' title="bbox 824 1267 2923 2166">
    <p class='ocr_par' dir='ltr' id='par_1_11' title="bbox 880 1267 2920 1554">
     <span class='ocr_line' id='line_1_18' title="bbox 969 1267 2920 1400; baseline -0.001 -41"><span class='ocrx_word' id='word_1_83' title='bbox 969 1297 1089 1359; x_wconf 83' lang='lat' dir='ltr'>Hic</span> <span class='ocrx_word' id='word_1_84' title='bbox 1114 1267 1315 1360; x_wconf 83' lang='lat' dir='ltr'>comes</span> <span class='ocrx_word' id='word_1_85' title='bbox 1360 1295 1439 1358; x_wconf 90' lang='lat' dir='ltr'>de</span> <span class='ocrx_word' id='word_1_86' title='bbox 1466 1294 1638 1358; x_wconf 87' lang='lat' dir='ltr'>Clare</span> <span class='ocrx_word' id='word_1_87' title='bbox 1661 1315 1869 1360; x_wconf 89' lang='lat' dir='ltr'>omnes</span> <span class='ocrx_word' id='word_1_88' title='bbox 1913 1295 2036 1359; x_wconf 81' lang='lat' dir='ltr'>fere</span> <span class='ocrx_word' id='word_1_89' title='bbox 2081 1297 2306 1360; x_wconf 83' lang='lat' dir='ltr'>nobiles</span> <span class='ocrx_word' id='word_1_90' title='bbox 2343 1295 2798 1400; x_wconf 86' lang='lat' dir='ltr'>propinquitate</span> <span class='ocrx_word' id='word_1_91' title='bbox 2823 1295 2920 1363; x_wconf 84' lang='lat' dir='ltr'>ha·</span> 
     </span>
     <span class='ocr_line' id='line_1_19' title="bbox 880 1381 2923 1467; baseline -0.001 -20"><span class='ocrx_word' id='word_1_92' title='bbox 880 1382 1068 1447; x_wconf 86' lang='lat' dir='ltr'>bebat</span> <span class='ocrx_word' id='word_1_93' title='bbox 1097 1382 1207 1446; x_wconf 84' lang='lat' dir='ltr'>sibi</span> <span class='ocrx_word' id='word_1_94' title='bbox 1235 1384 1624 1448; x_wconf 71' lang='lat' dir='ltr'>adhaerentes.</span> <span class='ocrx_word' id='word_1_95' title='bbox 1693 1387 1774 1446; x_wconf 94' lang='lat' dir='ltr'>Et</span> <span class='ocrx_word' id='word_1_96' title='bbox 1801 1381 2056 1451; x_wconf 87' lang='lat' dir='ltr'>sororem</span> <span class='ocrx_word' id='word_1_97' title='bbox 2086 1385 2386 1467; x_wconf 79' lang='lat' dir='ltr'>pulcherr:</span> <span class='ocrx_word' id='word_1_98' title='bbox 2420 1386 2612 1448; x_wconf 88' lang='lat' dir='ltr'>totius</span> <span class='ocrx_word' id='word_1_99' title='bbox 2633 1385 2804 1467; x_wconf 85' lang='lat' dir='ltr'>regni</span> <span class='ocrx_word' id='word_1_100' title='bbox 2831 1383 2923 1445; x_wconf 86' lang='lat' dir='ltr'>ha·</span> 
     </span>
     <span class='ocr_line' id='line_1_20' title="bbox 880 1469 2079 1554; baseline -0.003 -18"><span class='ocrx_word' id='word_1_101' title='bbox 880 1471 1087 1543; x_wconf 82' lang='lat' dir='ltr'>bebat,</span> <span class='ocrx_word' id='word_1_102' title='bbox 1128 1491 1315 1553; x_wconf 85' lang='lat' dir='ltr'>quam</span> <span class='ocrx_word' id='word_1_103' title='bbox 1342 1492 1449 1534; x_wconf 85' lang='lat' dir='ltr'>rex</span> <span class='ocrx_word' id='word_1_104' title='bbox 1474 1471 1802 1554; x_wconf 79' lang='lat' dir='ltr'>aliquando</span> <span class='ocrx_word' id='word_1_105' title='bbox 1829 1469 2079 1535; x_wconf 86' lang='lat' dir='ltr'>viderat..</span> 
     </span>
    </p>

    <p class='ocr_par' dir='ltr' id='par_1_12' title="bbox 880 1556 2923 1890">
     <span class='ocr_line' id='line_1_21' title="bbox 974 1556 2922 1646; baseline 0 -26"><span class='ocrx_word' id='word_1_106' title='bbox 974 1557 1255 1627; x_wconf 84' lang='lat' dir='ltr'>Thomas</span> <span class='ocrx_word' id='word_1_107' title='bbox 1294 1558 1593 1622; x_wconf 84' lang='lat' dir='ltr'>ecclesiam</span> <span class='ocrx_word' id='word_1_108' title='bbox 1636 1559 1713 1620; x_wconf 86' lang='lat' dir='ltr'>de</span> <span class='ocrx_word' id='word_1_109' title='bbox 1741 1556 2058 1622; x_wconf 87' lang='lat' dir='ltr'>Einesford</span> <span class='ocrx_word' id='word_1_110' title='bbox 2105 1557 2427 1646; x_wconf 77' lang='lat' dir='ltr'>Laurentio</span> <span class='ocrx_word' id='word_1_111' title='bbox 2453 1556 2705 1623; x_wconf 86' lang='lat' dir='ltr'>cuidam</span> <span class='ocrx_word' id='word_1_112' title='bbox 2741 1557 2922 1621; x_wconf 82' lang='lat' dir='ltr'>dona·</span> 
     </span>
     <span class='ocr_line' id='line_1_22' title="bbox 880 1633 2922 1722; baseline -0.001 -14"><span class='ocrx_word' id='word_1_113' title='bbox 880 1647 994 1709; x_wconf 79' lang='lat' dir='ltr'>vit.</span> <span class='ocrx_word' id='word_1_114' title='bbox 1068 1644 1221 1708; x_wconf 90' lang='lat' dir='ltr'>Gul.</span> <span class='ocrx_word' id='word_1_115' title='bbox 1254 1645 1331 1708; x_wconf 90' lang='lat' dir='ltr'>de</span> <span class='ocrx_word' id='word_1_116' title='bbox 1358 1643 1698 1721; x_wconf 81' lang='lat' dir='ltr'>Einesford‚</span> <span class='ocrx_word' id='word_1_117' title='bbox 1729 1648 2012 1710; x_wconf 88' lang='lat' dir='ltr'>dominus</span> <span class='ocrx_word' id='word_1_118' title='bbox 2049 1645 2224 1722; x_wconf 76' lang='lat' dir='ltr'>villae,</span> <span class='ocrx_word' id='word_1_119' title='bbox 2246 1633 2574 1710; x_wconf 85' lang='lat' dir='ltr'>hominem</span> <span class='ocrx_word' id='word_1_120' title='bbox 2620 1645 2922 1710; x_wconf 88' lang='lat' dir='ltr'>Laurentii</span> 
     </span>
     <span class='ocr_line' id='line_1_23' title="bbox 880 1720 2923 1814; baseline 0 -20"><span class='ocrx_word' id='word_1_121' title='bbox 880 1733 1123 1796; x_wconf 87' lang='lat' dir='ltr'>extulit.</span> <span class='ocrx_word' id='word_1_122' title='bbox 1212 1720 1489 1796; x_wconf 84' lang='lat' dir='ltr'>Thomas</span> <span class='ocrx_word' id='word_1_123' title='bbox 1527 1735 1679 1814; x_wconf 82' lang='lat' dir='ltr'>Gul·</span> <span class='ocrx_word' id='word_1_124' title='bbox 1725 1734 2284 1797; x_wconf 82' lang='lat' dir='ltr'>excommunicavit.</span> <span class='ocrx_word' id='word_1_125' title='bbox 2373 1735 2532 1797; x_wconf 89' lang='lat' dir='ltr'>Hinc</span> <span class='ocrx_word' id='word_1_126' title='bbox 2565 1733 2754 1797; x_wconf 86' lang='lat' dir='ltr'>altera</span> <span class='ocrx_word' id='word_1_127' title='bbox 2791 1733 2923 1794; x_wconf 87' lang='lat' dir='ltr'>mali</span> 
     </span>
     <span class='ocr_line' id='line_1_24' title="bbox 880 1818 2560 1890; baseline -0.002 -6"><span class='ocrx_word' id='word_1_128' title='bbox 880 1841 993 1884; x_wconf 86' lang='lat' dir='ltr'>cau</span> <span class='ocrx_word' id='word_1_129' title='bbox 1001 1818 1079 1880; x_wconf 83' lang='lat' dir='ltr'>ss‘a</span> <span class='ocrx_word' id='word_1_130' title='bbox 1103 1819 1363 1882; x_wconf 82' lang='lat' dir='ltr'>accrevit</span> <span class='ocrx_word' id='word_1_131' title='bbox 1393 1822 1682 1890; x_wconf 74' lang='lat' dir='ltr'>Thomae.</span> <span class='ocrx_word' id='word_1_132' title='bbox 2549 1847 2560 1854; x_wconf 90' lang='lat'><strong>·</strong></span> 
     </span>
    </p>

    <p class='ocr_par' dir='ltr' id='par_1_13' title="bbox 824 1905 2920 2166">
     <span class='ocr_line' id='line_1_25' title="bbox 824 1905 2920 1990; baseline -0.001 -20"><span class='ocrx_word' id='word_1_133' title='bbox 824 1919 837 1929; x_wconf 87' lang='lat'><em>&#39;</em></span> <span class='ocrx_word' id='word_1_134' title='bbox 972 1908 1299 1970; x_wconf 82' lang='lat' dir='ltr'>eontentio</span> <span class='ocrx_word' id='word_1_135' title='bbox 1326 1907 1489 1990; x_wconf 81' lang='lat' dir='ltr'>apud</span> <span class='ocrx_word' id='word_1_136' title='bbox 1517 1905 1918 1990; x_wconf 83' lang='lat' dir='ltr'>Dunestaple</span> <span class='ocrx_word' id='word_1_137' title='bbox 1903 1923 2054 1970; x_wconf 74' lang='lat' dir='ltr'>inter</span> <span class='ocrx_word' id='word_1_138' title='bbox 2085 1907 2407 1982; x_wconf 86' lang='lat' dir='ltr'>Simonem,</span> <span class='ocrx_word' id='word_1_139' title='bbox 2437 1905 2631 1972; x_wconf 89' lang='lat' dir='ltr'>filium</span> <span class='ocrx_word' id='word_1_140' title='bbox 2663 1908 2837 1983; x_wconf 71' lang='lat' dir='ltr'>Petri,</span> <span class='ocrx_word' id='word_1_141' title='bbox 2867 1906 2920 1968; x_wconf 79' lang='grc' dir='ltr'>δι</span> 
     </span>
     <span class='ocr_line' id='line_1_26' title="bbox 882 1989 2917 2078; baseline -0.002 -20"><span class='ocrx_word' id='word_1_142' title='bbox 882 1993 1109 2076; x_wconf 86' lang='lat' dir='ltr'>Philip.</span> <span class='ocrx_word' id='word_1_143' title='bbox 1153 1993 1228 2056; x_wconf 92' lang='lat' dir='ltr'>de</span> <span class='ocrx_word' id='word_1_144' title='bbox 1255 1997 1416 2071; x_wconf 88' lang='lat' dir='ltr'>Broi‚</span> <span class='ocrx_word' id='word_1_145' title='bbox 1462 1998 1816 2060; x_wconf 83' lang='lat' dir='ltr'>canonicum</span> <span class='ocrx_word' id='word_1_146' title='bbox 1843 1995 1916 2058; x_wconf 91' lang='lat' dir='ltr'>de</span> <span class='ocrx_word' id='word_1_147' title='bbox 1956 1993 2269 2070; x_wconf 87' lang='lat' dir='ltr'>Bedeford,</span> <span class='ocrx_word' id='word_1_148' title='bbox 2315 1997 2422 2078; x_wconf 90' lang='lat' dir='ltr'>qui</span> <span class='ocrx_word' id='word_1_149' title='bbox 2471 1993 2802 2058; x_wconf 84' lang='lat' dir='ltr'>sacerdotio</span> <span class='ocrx_word' id='word_1_150' title='bbox 2823 1989 2917 2056; x_wconf 89' lang='lat' dir='ltr'>suo</span> 
     </span>
     <span class='ocr_line' id='line_1_27' title="bbox 882 2043 2913 2166; baseline -0.001 -20"><span class='ocrx_word' id='word_1_151' title='bbox 882 2081 964 2146; x_wconf 77' lang='lat' dir='ltr'>ad</span> <span class='ocrx_word' id='word_1_152' title='bbox 1014 2099 1237 2149; x_wconf 87' lang='lat' dir='ltr'>annum</span> <span class='ocrx_word' id='word_1_153' title='bbox 1290 2043 1574 2148; x_wconf 70' lang='lat' dir='ltr'>inuitatus</span> <span class='ocrx_word' id='word_1_154' title='bbox 1616 2081 1723 2160; x_wconf 84' lang='lat' dir='ltr'>est,</span> <span class='ocrx_word' id='word_1_155' title='bbox 1767 2082 1937 2166; x_wconf 90' lang='lat' dir='ltr'>quod</span> <span class='ocrx_word' id='word_1_156' title='bbox 1983 2083 2286 2146; x_wconf 87' lang='lat' dir='ltr'>Simonem</span> <span class='ocrx_word' id='word_1_157' title='bbox 2327 2083 2518 2146; x_wconf 79' lang='lat' dir='ltr'>verbis</span> <span class='ocrx_word' id='word_1_158' title='bbox 2560 2103 2778 2166; x_wconf 85' lang='lat' dir='ltr'>parum</span> <span class='ocrx_word' id='word_1_159' title='bbox 2813 2080 2913 2144; x_wconf 88' lang='lat' dir='ltr'>ho·</span> 
     </span>
    </p>
   </div>
   <div class='ocr_carea' id='block_1_12' title="bbox 885 2167 1546 2237">
    <p class='ocr_par' dir='ltr' id='par_1_14' title="bbox 885 2167 1546 2237">
     <span class='ocr_line' id='line_1_28' title="bbox 885 2167 1546 2237; baseline 0.003 -5"><span class='ocrx_word' id='word_1_160' title='bbox 885 2167 1063 2232; x_wconf 87' lang='lat' dir='ltr'>nestis</span> <span class='ocrx_word' id='word_1_161' title='bbox 1091 2171 1546 2237; x_wconf 84' lang='lat' dir='ltr'>exacerbaverit.</span> 
     </span>
    </p>
   </div>
   <div class='ocr_carea' id='block_1_13' title="bbox 540 2343 1503 2937">
    <p class='ocr_par' dir='ltr' id='par_1_15' title="bbox 540 2343 1503 2937">
     <span class='ocr_line' id='line_1_29' title="bbox 628 2343 1501 2420; baseline -0.002 -10"><span class='ocrx_word' id='word_1_162' title='bbox 628 2344 781 2410; x_wconf 88' lang='lat' dir='ltr'>Gul.</span> <span class='ocrx_word' id='word_1_163' title='bbox 813 2343 1009 2408; x_wconf 84' lang='lat' dir='ltr'>Malus</span> <span class='ocrx_word' id='word_1_164' title='bbox 1037 2343 1286 2420; x_wconf 82' lang='lat' dir='ltr'>vicinus,</span> <span class='ocrx_word' id='word_1_165' title='bbox 1316 2367 1391 2408; x_wconf 89' lang='lat' dir='ltr'>ne</span> <span class='ocrx_word' id='word_1_166' title='bbox 1474 2366 1501 2408; x_wconf 87' lang='lat' dir='ltr'>s</span> 
     </span>
     <span class='ocr_line' id='line_1_30' title="bbox 544 2366 1503 2509; baseline -0.002 -10"><span class='ocrx_word' id='word_1_167' title='bbox 544 2435 844 2509; x_wconf 79' lang='lat' dir='ltr'>EudoniS,</span> <span class='ocrx_word' id='word_1_168' title='bbox 866 2431 1101 2501; x_wconf 78' lang='lat' dir='ltr'>comitis</span> <span class='ocrx_word' id='word_1_169' title='bbox 1121 2436 1348 2500; x_wconf 68' lang='grc' dir='ltr'>Βήιαιιι</span> <span class='ocrx_word' id='word_1_170' title='bbox 1376 2366 1503 2497; x_wconf 57' lang='grc' dir='ltr'>ἕο·</span> 
     </span>
     <span class='ocr_line' id='line_1_31' title="bbox 542 2522 1500 2606; baseline 0.001 -21"><span class='ocrx_word' id='word_1_171' title='bbox 542 2525 820 2606; x_wconf 82' lang='lat' dir='ltr'>gelgerus</span> <span class='ocrx_word' id='word_1_172' title='bbox 840 2522 918 2585; x_wconf 91' lang='lat' dir='ltr'>de</span> <span class='ocrx_word' id='word_1_173' title='bbox 944 2522 1162 2597; x_wconf 89' lang='lat' dir='ltr'>Boum,</span> <span class='ocrx_word' id='word_1_174' title='bbox 1208 2526 1396 2606; x_wconf 89' lang='lat' dir='ltr'>Hugo</span> <span class='ocrx_word' id='word_1_175' title='bbox 1425 2522 1500 2586; x_wconf 91' lang='lat' dir='ltr'>de</span> 
     </span>
     <span class='ocr_line' id='line_1_32' title="bbox 540 2609 1503 2691; baseline 0.001 -18"><span class='ocrx_word' id='word_1_176' title='bbox 540 2609 931 2684; x_wconf 82' lang='lat' dir='ltr'>Gundevilla,</span> <span class='ocrx_word' id='word_1_177' title='bbox 977 2612 1167 2691; x_wconf 87' lang='lat' dir='ltr'>Hugo</span> <span class='ocrx_word' id='word_1_178' title='bbox 1208 2610 1286 2672; x_wconf 88' lang='lat' dir='ltr'>de</span> <span class='ocrx_word' id='word_1_179' title='bbox 1323 2614 1503 2676; x_wconf 85' lang='lat' dir='ltr'>Man·</span> 
     </span>
     <span class='ocr_line' id='line_1_33' title="bbox 542 2694 1501 2773; baseline -0.002 -11"><span class='ocrx_word' id='word_1_180' title='bbox 542 2696 781 2773; x_wconf 86' lang='lat' dir='ltr'>devilla,</span> <span class='ocrx_word' id='word_1_181' title='bbox 856 2694 1192 2759; x_wconf 83' lang='lat' dir='ltr'>Richardus</span> <span class='ocrx_word' id='word_1_182' title='bbox 1259 2701 1501 2761; x_wconf 88' lang='lat' dir='ltr'>Humex</span> 
     </span>
     <span class='ocr_line' id='line_1_34' title="bbox 541 2782 1501 2864; baseline 0 -17"><span class='ocrx_word' id='word_1_183' title='bbox 541 2782 1035 2861; x_wconf 82' lang='lat' dir='ltr'>constabularius,</span> <span class='ocrx_word' id='word_1_184' title='bbox 1056 2783 1207 2849; x_wconf 83' lang='lat' dir='ltr'>Gu1=</span> <span class='ocrx_word' id='word_1_185' title='bbox 1221 2782 1378 2852; x_wconf 86' lang='lat' dir='ltr'>filius</span> <span class='ocrx_word' id='word_1_186' title='bbox 1394 2786 1501 2864; x_wconf 84' lang='lat' dir='ltr'>Jo-</span> 
     </span>
     <span class='ocr_line' id='line_1_35' title="bbox 543 2873 735 2937; baseline 0 0"><span class='ocrx_word' id='word_1_187' title='bbox 543 2873 735 2937; x_wconf 81' lang='lat' dir='ltr'>annis.</span> 
     </span>
    </p>
   </div>
   <div class='ocr_carea' id='block_1_14' title="bbox 628 3028 1522 3129">
    <p class='ocr_par' dir='ltr' id='par_1_16' title="bbox 628 3028 1522 3129">
     <span class='ocr_line' id='line_1_36' title="bbox 628 3028 1522 3129; baseline -0.003 -20"><span class='ocrx_word' id='word_1_188' title='bbox 628 3028 750 3110; x_wconf 58' lang='lat' dir='ltr'>fir.</span> <span class='ocrx_word' id='word_1_189' title='bbox 784 3044 1143 3129; x_wconf 77' lang='lat' dir='ltr'>Radulphus</span> <span class='ocrx_word' id='word_1_190' title='bbox 1163 3064 1379 3107; x_wconf 84' lang='lat' dir='ltr'>canon:</span> <span class='ocrx_word' id='word_1_191' title='bbox 1404 3064 1522 3121; x_wconf 42' lang='lat' dir='ltr'>ec·-</span> 
     </span>
    </p>
   </div>
   <div class='ocr_carea' id='block_1_15' title="bbox 425 3131 1502 3656">
    <p class='ocr_par' dir='ltr' id='par_1_17' title="bbox 542 3131 1502 3217">
     <span class='ocr_line' id='line_1_37' title="bbox 542 3131 1502 3217; baseline -0.003 -20"><span class='ocrx_word' id='word_1_192' title='bbox 542 3131 679 3197; x_wconf 82' lang='lat' dir='ltr'>cles:</span> <span class='ocrx_word' id='word_1_193' title='bbox 697 3134 983 3197; x_wconf 87' lang='lat' dir='ltr'>London:</span> <span class='ocrx_word' id='word_1_194' title='bbox 1005 3135 1066 3195; x_wconf 88' lang='lat' dir='ltr'>in</span> <span class='ocrx_word' id='word_1_195' title='bbox 1077 3133 1274 3197; x_wconf 85' lang='lat' dir='ltr'>divina</span> <span class='ocrx_word' id='word_1_196' title='bbox 1285 3134 1502 3217; x_wconf 87' lang='lat' dir='ltr'>pagina</span> 
     </span>
    </p>

    <p class='ocr_par' dir='ltr' id='par_1_18' title="bbox 544 3222 1501 3376">
     <span class='ocr_line' id='line_1_38' title="bbox 544 3222 1195 3305; baseline -0.006 -18"><span class='ocrx_word' id='word_1_197' title='bbox 544 3222 759 3287; x_wconf 63' lang='lat' dir='ltr'>doctor</span> <span class='ocrx_word' id='word_1_198' title='bbox 782 3224 1136 3305; x_wconf 69' lang='lat' dir='ltr'>praecipuus.</span> <span class='ocrx_word' id='word_1_199' title='bbox 1188 3254 1195 3267; x_wconf 76' lang='lat'><em>,</em></span> 
     </span>
     <span class='ocr_line' id='line_1_39' title="bbox 628 3305 1501 3376; baseline -0.002 -3"><span class='ocrx_word' id='word_1_200' title='bbox 628 3308 950 3376; x_wconf 82' lang='lat' dir='ltr'>Eduardus</span> <span class='ocrx_word' id='word_1_201' title='bbox 997 3310 1210 3373; x_wconf 86' lang='lat' dir='ltr'>Grime</span> <span class='ocrx_word' id='word_1_202' title='bbox 1248 3305 1501 3372; x_wconf 87' lang='lat' dir='ltr'>crucifer</span> 
     </span>
    </p>

    <p class='ocr_par' dir='ltr' id='par_1_19' title="bbox 546 3397 832 3463">
     <span class='ocr_line' id='line_1_40' title="bbox 546 3397 832 3463; baseline -0.023 0"><span class='ocrx_word' id='word_1_203' title='bbox 546 3397 832 3463; x_wconf 85' lang='lat' dir='ltr'>Thomae.</span> 
     </span>
    </p>

    <p class='ocr_par' dir='ltr' id='par_1_20' title="bbox 425 3481 1497 3656">
     <span class='ocr_line' id='line_1_41' title="bbox 425 3481 1497 3567; baseline -0.004 -18"><span class='ocrx_word' id='word_1_204' title='bbox 425 3556 436 3567; x_wconf 40' lang='lat'><em>⁰</em></span> <span class='ocrx_word' id='word_1_205' title='bbox 630 3485 837 3549; x_wconf 87' lang='lat' dir='ltr'>Simon</span> <span class='ocrx_word' id='word_1_206' title='bbox 866 3482 942 3547; x_wconf 91' lang='lat' dir='ltr'>de</span> <span class='ocrx_word' id='word_1_207' title='bbox 987 3483 1147 3547; x_wconf 88' lang='lat' dir='ltr'>Creil</span> <span class='ocrx_word' id='word_1_208' title='bbox 1186 3482 1352 3547; x_wconf 87' lang='lat' dir='ltr'>miles</span> <span class='ocrx_word' id='word_1_209' title='bbox 1393 3481 1497 3545; x_wconf 84' lang='lat' dir='ltr'>ab·</span> 
     </span>
     <span class='ocr_line' id='line_1_42' title="bbox 542 3568 1172 3656; baseline -0.008 -19"><span class='ocrx_word' id='word_1_210' title='bbox 542 3568 701 3637; x_wconf 81' lang='lat' dir='ltr'>batis</span> <span class='ocrx_word' id='word_1_211' title='bbox 731 3575 793 3637; x_wconf 86' lang='lat' dir='ltr'>S.</span> <span class='ocrx_word' id='word_1_212' title='bbox 822 3569 1172 3656; x_wconf 83' lang='lat' dir='ltr'>Augustini.</span> 
     </span>
    </p>
   </div>
   <div class='ocr_carea' id='block_1_16' title="bbox 998 3664 1045 3735">
    <p class='ocr_par' dir='ltr' id='par_1_21' title="bbox 998 3664 1045 3735">
     <span class='ocr_line' id='line_1_43' title="bbox 998 3664 1045 3735; baseline 0 0"><span class='ocrx_word' id='word_1_213' title='bbox 998 3664 1045 3735; x_wconf 61' lang='lat' dir='ltr'>t</span> 
     </span>
    </p>
   </div>
   <div class='ocr_carea' id='block_1_17' title="bbox 538 3722 1497 4255">
    <p class='ocr_par' dir='ltr' id='par_1_22' title="bbox 538 3722 1497 3997">
     <span class='ocr_line' id='line_1_44' title="bbox 700 3722 1497 3813; baseline -0.008 0"><span class='ocrx_word' id='word_1_214' title='bbox 700 3796 717 3813; x_wconf 92' lang='lat'>.</span> <span class='ocrx_word' id='word_1_215' title='bbox 764 3794 781 3813; x_wconf 86' lang='lat'>.</span> <span class='ocrx_word' id='word_1_216' title='bbox 812 3722 1243 3811; x_wconf 79' lang='lat' dir='ltr'>saresbiriensis</span> <span class='ocrx_word' id='word_1_217' title='bbox 1262 3746 1338 3808; x_wconf 84' lang='lat' dir='ltr'>ab</span> <span class='ocrx_word' id='word_1_218' title='bbox 1354 3746 1497 3807; x_wconf 88' lang='lat' dir='ltr'>ado·</span> 
     </span>
     <span class='ocr_line' id='line_1_45' title="bbox 538 3828 1495 3902; baseline -0.009 0"><span class='ocrx_word' id='word_1_219' title='bbox 538 3831 816 3902; x_wconf 87' lang='lat' dir='ltr'>lescentia</span> <span class='ocrx_word' id='word_1_220' title='bbox 838 3832 911 3895; x_wconf 92' lang='lat' dir='ltr'>de</span> <span class='ocrx_word' id='word_1_221' title='bbox 928 3834 1097 3897; x_wconf 89' lang='lat' dir='ltr'>bonis</span> <span class='ocrx_word' id='word_1_222' title='bbox 1114 3828 1316 3899; x_wconf 86' lang='lat' dir='ltr'>eccles.</span> <span class='ocrx_word' id='word_1_223' title='bbox 1338 3836 1495 3895; x_wconf 88' lang='lat' dir='ltr'>Can-</span> 
     </span>
     <span class='ocr_line' id='line_1_46' title="bbox 542 3920 1043 3997; baseline -0.004 -12"><span class='ocrx_word' id='word_1_224' title='bbox 542 3940 703 3990; x_wconf 79' lang='lat' dir='ltr'>tuar:</span> <span class='ocrx_word' id='word_1_225' title='bbox 738 3920 1043 3997; x_wconf 73' lang='lat' dir='ltr'>educatus.</span> 
     </span>
    </p>

    <p class='ocr_par' dir='ltr' id='par_1_23' title="bbox 546 4006 1495 4255">
     <span class='ocr_line' id='line_1_47' title="bbox 629 4006 1495 4076; baseline -0.008 0"><span class='ocrx_word' id='word_1_226' title='bbox 629 4054 1047 4076; x_wconf 87' lang='grc'><strong>.......</strong></span> <span class='ocrx_word' id='word_1_227' title='bbox 1080 4023 1169 4070; x_wconf 90' lang='lat' dir='ltr'>ter</span> <span class='ocrx_word' id='word_1_228' title='bbox 1182 4006 1495 4071; x_wconf 76' lang='lat' dir='ltr'>Hereberti</span> 
     </span>
     <span class='ocr_line' id='line_1_48' title="bbox 546 4094 1495 4163; baseline -0.004 -2"><span class='ocrx_word' id='word_1_229' title='bbox 546 4138 827 4163; x_wconf 80' lang='grc'><strong>......</strong></span> <span class='ocrx_word' id='word_1_230' title='bbox 860 4095 999 4157; x_wconf 82' lang='lat' dir='ltr'>ham</span> <span class='ocrx_word' id='word_1_231' title='bbox 1043 4094 1330 4161; x_wconf 80' lang='lat' dir='ltr'>extremis</span> <span class='ocrx_word' id='word_1_232' title='bbox 1356 4097 1495 4161; x_wconf 79' lang='lat' dir='ltr'>vitae</span> 
     </span>
     <span class='ocr_line' id='line_1_49' title="bbox 680 4180 1283 4255; baseline 0.005 -10"><span class='ocrx_word' id='word_1_233' title='bbox 680 4231 697 4255; x_wconf 84' lang='lat'>,</span> <span class='ocrx_word' id='word_1_234' title='bbox 745 4228 763 4245; x_wconf 94' lang='lat'>.</span> <span class='ocrx_word' id='word_1_235' title='bbox 790 4202 819 4250; x_wconf 75' lang='lat' dir='ltr'>s</span> <span class='ocrx_word' id='word_1_236' title='bbox 847 4180 1115 4247; x_wconf 83' lang='lat' dir='ltr'>sacerdos</span> <span class='ocrx_word' id='word_1_237' title='bbox 1142 4180 1283 4248; x_wconf 86' lang='lat' dir='ltr'>fuit.</span> 
     </span>
    </p>
   </div>
   <div class='ocr_carea' id='block_1_18' title="bbox 1584 2252 2914 3621">
    <p class='ocr_par' dir='ltr' id='par_1_24' title="bbox 1584 2252 2914 2515">
     <span class='ocr_line' id='line_1_50' title="bbox 1672 2252 2908 2322; baseline -0.004 -2"><span class='ocrx_word' id='word_1_238' title='bbox 1672 2256 1946 2320; x_wconf 86' lang='lat' dir='ltr'>Concilio</span> <span class='ocrx_word' id='word_1_239' title='bbox 2026 2255 2102 2319; x_wconf 89' lang='lat' dir='ltr'>de</span> <span class='ocrx_word' id='word_1_240' title='bbox 2194 2255 2580 2322; x_wconf 80' lang='lat' dir='ltr'>clarendune</span> <span class='ocrx_word' id='word_1_241' title='bbox 2657 2252 2908 2320; x_wconf 74' lang='lat' dir='ltr'>interfuit</span> 
     </span>
     <span class='ocr_line' id='line_1_51' title="bbox 1587 2341 2914 2428; baseline -0.003 -20"><span class='ocrx_word' id='word_1_242' title='bbox 1587 2343 1896 2419; x_wconf 86' lang='lat' dir='ltr'>Thomas,</span> <span class='ocrx_word' id='word_1_243' title='bbox 1942 2341 2038 2408; x_wconf 88' lang='lat' dir='ltr'>sed</span> <span class='ocrx_word' id='word_1_244' title='bbox 2087 2344 2338 2408; x_wconf 84' lang='lat' dir='ltr'>decretis</span> <span class='ocrx_word' id='word_1_245' title='bbox 2382 2346 2538 2428; x_wconf 84' lang='lat' dir='ltr'>regis</span> <span class='ocrx_word' id='word_1_246' title='bbox 2571 2349 2756 2408; x_wconf 86' lang='lat' dir='ltr'>Henr.</span> <span class='ocrx_word' id='word_1_247' title='bbox 2801 2359 2914 2408; x_wconf 86' lang='lat' dir='ltr'>non</span> 
     </span>
     <span class='ocr_line' id='line_1_52' title="bbox 1584 2429 2727 2515; baseline -0.003 -18"><span class='ocrx_word' id='word_1_248' title='bbox 1584 2432 1709 2497; x_wconf 84' lang='lat' dir='ltr'>fine</span> <span class='ocrx_word' id='word_1_249' title='bbox 1738 2429 1966 2496; x_wconf 84' lang='lat' dir='ltr'>summa</span> <span class='ocrx_word' id='word_1_250' title='bbox 1996 2430 2344 2497; x_wconf 81' lang='lat' dir='ltr'>difficultate</span> <span class='ocrx_word' id='word_1_251' title='bbox 2373 2429 2727 2515; x_wconf 85' lang='lat' dir='ltr'>subscripsit.</span> 
     </span>
    </p>

    <p class='ocr_par' dir='ltr' id='par_1_25' title="bbox 1584 2514 2911 3108">
     <span class='ocr_line' id='line_1_53' title="bbox 1670 2514 2910 2601; baseline -0.006 -17"><span class='ocrx_word' id='word_1_252' title='bbox 1670 2521 1970 2584; x_wconf 88' lang='lat' dir='ltr'>Robertus</span> <span class='ocrx_word' id='word_1_253' title='bbox 1999 2522 2229 2586; x_wconf 87' lang='lat' dir='ltr'>archid.</span> <span class='ocrx_word' id='word_1_254' title='bbox 2250 2518 2662 2599; x_wconf 74' lang='lat' dir='ltr'>OxfordensiS,</span> <span class='ocrx_word' id='word_1_255' title='bbox 2687 2520 2744 2582; x_wconf 87' lang='lat'>&amp;</span> <span class='ocrx_word' id='word_1_256' title='bbox 2767 2514 2910 2601; x_wconf 86' lang='lat' dir='ltr'>post·</span> 
     </span>
     <span class='ocr_line' id='line_1_54' title="bbox 1584 2605 2907 2691; baseline -0.005 -18"><span class='ocrx_word' id='word_1_257' title='bbox 1584 2629 1655 2673; x_wconf 87' lang='lat' dir='ltr'>ea</span> <span class='ocrx_word' id='word_1_258' title='bbox 1692 2606 2001 2691; x_wconf 87' lang='lat' dir='ltr'>episcopus</span> <span class='ocrx_word' id='word_1_259' title='bbox 2034 2607 2318 2673; x_wconf 81' lang='lat' dir='ltr'>Hersor&#39;d.</span> <span class='ocrx_word' id='word_1_260' title='bbox 2356 2606 2666 2671; x_wconf 86' lang='lat' dir='ltr'>familiaris</span> <span class='ocrx_word' id='word_1_261' title='bbox 2709 2627 2774 2671; x_wconf 76' lang='lat' dir='ltr'>asc</span> <span class='ocrx_word' id='word_1_262' title='bbox 2801 2605 2907 2669; x_wconf 88' lang='lat' dir='ltr'>cle·</span> 
     </span>
     <span class='ocr_line' id='line_1_55' title="bbox 1585 2695 2898 2760; baseline -0.011 -1"><span class='ocrx_word' id='word_1_263' title='bbox 1585 2699 1750 2760; x_wconf 90' lang='lat' dir='ltr'>ricus·</span> <span class='ocrx_word' id='word_1_264' title='bbox 1770 2695 2055 2759; x_wconf 87' lang='lat' dir='ltr'>Thomae.</span> <span class='ocrx_word' id='word_1_265' title='bbox 2891 2738 2898 2745; x_wconf 89' lang='lat'>.</span> 
     </span>
     <span class='ocr_line' id='line_1_56' title="bbox 1588 2776 2908 2863; baseline -0.005 -18"><span class='ocrx_word' id='word_1_266' title='bbox 1588 2794 1694 2857; x_wconf 57' lang='grc' dir='ltr'>ΰ</span> <span class='ocrx_word' id='word_1_267' title='bbox 1741 2785 1888 2845; x_wconf 89' lang='lat' dir='ltr'>Duo</span> <span class='ocrx_word' id='word_1_268' title='bbox 1936 2787 2196 2863; x_wconf 84' lang='lat' dir='ltr'>Joannes</span> <span class='ocrx_word' id='word_1_269' title='bbox 2250 2779 2702 2847; x_wconf 85' lang='lat' dir='ltr'>Saresbirienses</span> <span class='ocrx_word' id='word_1_270' title='bbox 2749 2776 2908 2841; x_wconf 88' lang='lat' dir='ltr'>fami-</span> 
     </span>
     <span class='ocr_line' id='line_1_57' title="bbox 1586 2866 2911 2953; baseline -0.005 -20"><span class='ocrx_word' id='word_1_271' title='bbox 1586 2871 1760 2933; x_wconf 83' lang='lat' dir='ltr'>liares</span> <span class='ocrx_word' id='word_1_272' title='bbox 1789 2872 2075 2942; x_wconf 86' lang='lat' dir='ltr'>Thomae,</span> <span class='ocrx_word' id='word_1_273' title='bbox 2111 2890 2374 2953; x_wconf 89' lang='lat' dir='ltr'>quorum</span> <span class='ocrx_word' id='word_1_274' title='bbox 2392 2872 2536 2931; x_wconf 82' lang='lat' dir='ltr'>alter</span> <span class='ocrx_word' id='word_1_275' title='bbox 2562 2867 2686 2931; x_wconf 80' lang='lat' dir='ltr'>fuit</span> <span class='ocrx_word' id='word_1_276' title='bbox 2704 2866 2911 2930; x_wconf 59' lang='lat' dir='ltr'>elesius</span> 
     </span>
     <span class='ocr_line' id='line_1_58' title="bbox 1588 2953 2911 3041; baseline -0.005 -21"><span class='ocrx_word' id='word_1_277' title='bbox 1588 2978 1623 3020; x_wconf 87' lang='lat' dir='ltr'>a</span> <span class='ocrx_word' id='word_1_278' title='bbox 1656 2978 1794 3041; x_wconf 84' lang='lat' dir='ltr'>rege</span> <span class='ocrx_word' id='word_1_279' title='bbox 1833 2960 1893 3019; x_wconf 91' lang='lat' dir='ltr'>in</span> <span class='ocrx_word' id='word_1_280' title='bbox 1929 2956 2272 3041; x_wconf 76' lang='lat' dir='ltr'>episcopum</span> <span class='ocrx_word' id='word_1_281' title='bbox 2315 2955 2734 3033; x_wconf 63' lang='lat' dir='ltr'>Pistavensem,</span> <span class='ocrx_word' id='word_1_282' title='bbox 2775 2953 2911 3017; x_wconf 87' lang='lat' dir='ltr'>alter</span> 
     </span>
     <span class='ocr_line' id='line_1_59' title="bbox 1587 3046 2266 3110; baseline -0.004 -3"><span class='ocrx_word' id='word_1_283' title='bbox 1587 3046 1892 3110; x_wconf 86' lang='lat' dir='ltr'>exulabat.</span> <span class='ocrx_word' id='word_1_284' title='bbox 2259 3073 2266 3082; x_wconf 93' lang='lat'>·</span> 
     </span>
    </p>

    <p class='ocr_par' dir='ltr' id='par_1_26' title="bbox 1586 3127 2908 3305">
     <span class='ocr_line' id='line_1_60' title="bbox 1675 3127 2908 3217; baseline -0.006 -18"><span class='ocrx_word' id='word_1_285' title='bbox 1675 3134 1953 3199; x_wconf 88' lang='lat' dir='ltr'>Thomas</span> <span class='ocrx_word' id='word_1_286' title='bbox 2007 3130 2276 3216; x_wconf 82' lang='lat' dir='ltr'>repulsus</span> <span class='ocrx_word' id='word_1_287' title='bbox 2327 3154 2364 3195; x_wconf 86' lang='lat' dir='ltr'>a</span> <span class='ocrx_word' id='word_1_288' title='bbox 2416 3130 2737 3217; x_wconf 81' lang='lat' dir='ltr'>colloquio</span> <span class='ocrx_word' id='word_1_289' title='bbox 2768 3127 2908 3213; x_wconf 71' lang='lat' dir='ltr'>regis</span> 
     </span>
     <span class='ocr_line' id='line_1_61' title="bbox 1586 3220 2139 3305; baseline -0.002 -23"><span class='ocrx_word' id='word_1_290' title='bbox 1586 3222 1748 3305; x_wconf 85' lang='lat' dir='ltr'>apud</span> <span class='ocrx_word' id='word_1_291' title='bbox 1788 3220 2139 3285; x_wconf 80' lang='lat' dir='ltr'>Wodestok.</span> 
     </span>
    </p>

    <p class='ocr_par' dir='ltr' id='par_1_27' title="bbox 1584 3298 2903 3565">
     <span class='ocr_line' id='line_1_62' title="bbox 1674 3298 2903 3391; baseline -0.008 -19"><span class='ocrx_word' id='word_1_292' title='bbox 1674 3310 1954 3372; x_wconf 87' lang='lat' dir='ltr'>Thomas</span> <span class='ocrx_word' id='word_1_293' title='bbox 2007 3310 2174 3370; x_wconf 82' lang='lat' dir='ltr'>venit</span> <span class='ocrx_word' id='word_1_294' title='bbox 2227 3304 2766 3391; x_wconf 84' lang='lat' dir='ltr'>Northamptonam</span> <span class='ocrx_word' id='word_1_295' title='bbox 2832 3298 2903 3363; x_wconf 88' lang='lat' dir='ltr'>ad</span> 
     </span>
     <span class='ocr_line' id='line_1_63' title="bbox 1586 3390 2903 3477; baseline -0.008 -18"><span class='ocrx_word' id='word_1_296' title='bbox 1586 3396 1925 3472; x_wconf 79' lang='lat' dir='ltr'>concilium,</span> <span class='ocrx_word' id='word_1_297' title='bbox 1991 3397 2245 3477; x_wconf 87' lang='lat' dir='ltr'>jubente</span> <span class='ocrx_word' id='word_1_298' title='bbox 2299 3414 2488 3477; x_wconf 87' lang='lat' dir='ltr'>rege;</span> <span class='ocrx_word' id='word_1_299' title='bbox 2563 3390 2666 3457; x_wconf 86' lang='lat' dir='ltr'>sed</span> <span class='ocrx_word' id='word_1_300' title='bbox 2721 3390 2903 3476; x_wconf 69' lang='lat' dir='ltr'>primo</span> 
     </span>
     <span class='ocr_line' id='line_1_64' title="bbox 1584 3442 2898 3621; baseline -0.004 -76"><span class='ocrx_word' id='word_1_301' title='bbox 1584 3504 1781 3547; x_wconf 86' lang='lat' dir='ltr'>unum</span> <span class='ocrx_word' id='word_1_302' title='bbox 1835 3480 1870 3547; x_wconf 84' lang='grc' dir='ltr'>ὲ</span> <span class='ocrx_word' id='word_1_303' title='bbox 1923 3481 2094 3546; x_wconf 87' lang='lat' dir='ltr'>servis</span> <span class='ocrx_word' id='word_1_304' title='bbox 2148 3478 2398 3557; x_wconf 82' lang='lat' dir='ltr'>miserat,</span> <span class='ocrx_word' id='word_1_305' title='bbox 2465 3442 2530 3543; x_wconf 82' lang='lat' dir='ltr'>i’d</span> <span class='ocrx_word' id='word_1_306' title='bbox 2587 3480 2750 3621; x_wconf 86' lang='lat' dir='ltr'>quod</span> <span class='ocrx_word' id='word_1_307' title='bbox 2805 3492 2898 3541; x_wconf 77' lang='lat' dir='ltr'>rex</span> 
     </span>
    </p>
   </div>
   <div class='ocr_carea' id='block_1_19' title="bbox 1582 3571 2032 3655">
    <p class='ocr_par' dir='ltr' id='par_1_28' title="bbox 1582 3571 2032 3655">
     <span class='ocr_line' id='line_1_65' title="bbox 1582 3571 2032 3655; baseline 0 -22"><span class='ocrx_word' id='word_1_308' title='bbox 1582 3572 1845 3655; x_wconf 88' lang='lat' dir='ltr'>graviter</span> <span class='ocrx_word' id='word_1_309' title='bbox 1873 3571 2032 3635; x_wconf 86' lang='lat' dir='ltr'>tulit.</span> 
     </span>
    </p>
   </div>
   <div class='ocr_carea' id='block_1_20' title="bbox 1539 3614 2898 3744">
    <p class='ocr_par' dir='ltr' id='par_1_29' title="bbox 1539 3614 2898 3744">
     <span class='ocr_line' id='line_1_66' title="bbox 1539 3614 2898 3744; baseline -0.009 -22"><span class='ocrx_word' id='word_1_310' title='bbox 1539 3698 1547 3711; x_wconf 78' lang='lat'><em>›</em></span> <span class='ocrx_word' id='word_1_311' title='bbox 1672 3656 1937 3744; x_wconf 82' lang='lat' dir='ltr'>Qaefita</span> <span class='ocrx_word' id='word_1_312' title='bbox 1967 3659 2136 3720; x_wconf 86' lang='lat' dir='ltr'>ratio</span> <span class='ocrx_word' id='word_1_313' title='bbox 2163 3652 2360 3721; x_wconf 83' lang='lat' dir='ltr'>eccles</span> <span class='ocrx_word' id='word_1_314' title='bbox 2365 3676 2534 3718; x_wconf 88' lang='lat' dir='ltr'>arum</span> <span class='ocrx_word' id='word_1_315' title='bbox 2578 3614 2898 3726; x_wconf 83' lang='lat' dir='ltr'>vacantium</span> 
     </span>
    </p>
   </div>
   <div class='ocr_carea' id='block_1_21' title="bbox 1586 3744 2898 3915">
    <p class='ocr_par' dir='ltr' id='par_1_30' title="bbox 1586 3744 2898 3915">
     <span class='ocr_line' id='line_1_67' title="bbox 1586 3744 2506 3827; baseline -0.003 -20"><span class='ocrx_word' id='word_1_316' title='bbox 1586 3758 1856 3827; x_wconf 86' lang='lat' dir='ltr'>tempore</span> <span class='ocrx_word' id='word_1_317' title='bbox 1881 3744 2190 3825; x_wconf 72' lang='lat' dir='ltr'>cancellar:</span> <span class='ocrx_word' id='word_1_318' title='bbox 2220 3746 2506 3811; x_wconf 87' lang='lat' dir='ltr'>Thomae.</span> 
     </span>
     <span class='ocr_line' id='line_1_68' title="bbox 1670 3818 2898 3915; baseline -0.007 -20"><span class='ocrx_word' id='word_1_319' title='bbox 1670 3836 1927 3912; x_wconf 85' lang='lat' dir='ltr'>Joannes</span> <span class='ocrx_word' id='word_1_320' title='bbox 1952 3833 2029 3896; x_wconf 84' lang='lat' dir='ltr'>de</span> <span class='ocrx_word' id='word_1_321' title='bbox 2073 3834 2124 3895; x_wconf 91' lang='lat' dir='ltr'>P</span> <span class='ocrx_word' id='word_1_322' title='bbox 2126 3818 2320 3912; x_wconf 75' lang='lat' dir='ltr'>lancta</span> <span class='ocrx_word' id='word_1_323' title='bbox 2347 3832 2405 3895; x_wconf 87' lang='lat'>&amp;</span> <span class='ocrx_word' id='word_1_324' title='bbox 2450 3828 2798 3915; x_wconf 79' lang='lat' dir='ltr'>Radulphus</span> <span class='ocrx_word' id='word_1_325' title='bbox 2824 3820 2898 3887; x_wconf 87' lang='lat' dir='ltr'>de</span> 
     </span>
    </p>
   </div>
   <div class='ocr_carea' id='block_1_22' title="bbox 1582 3940 2890 4079">
    <p class='ocr_par' dir='ltr' id='par_1_31' title="bbox 1582 3940 2890 4079">
     <span class='ocr_line' id='line_1_69' title="bbox 1582 3940 2890 4079; baseline -0.005 -8"><span class='ocrx_word' id='word_1_326' title='bbox 1582 3940 1758 4071; x_wconf 50' lang='lat' dir='ltr'>gigo</span> <span class='ocrx_word' id='word_1_327' title='bbox 1771 4004 2002 4071; x_wconf 85' lang='lat' dir='ltr'>archid.</span> <span class='ocrx_word' id='word_1_328' title='bbox 2047 4006 2330 4071; x_wconf 78' lang='lat' dir='ltr'>Londonz</span> <span class='ocrx_word' id='word_1_329' title='bbox 2381 3961 2640 4075; x_wconf 74' lang='lat' dir='ltr'>ecclelia:</span> <span class='ocrx_word' id='word_1_330' title='bbox 2682 3994 2890 4079; x_wconf 80' lang='lat' dir='ltr'>indole·</span> 
     </span>
    </p>
   </div>
   <div class='ocr_carea' id='block_1_23' title="bbox 1580 4090 2398 4161">
    <p class='ocr_par' dir='ltr' id='par_1_32' title="bbox 1580 4090 2398 4161">
     <span class='ocr_line' id='line_1_70' title="bbox 1580 4090 2398 4161; baseline 0.004 -2"><span class='ocrx_word' id='word_1_331' title='bbox 1580 4096 1728 4159; x_wconf 87' lang='lat' dir='ltr'>bant</span> <span class='ocrx_word' id='word_1_332' title='bbox 1753 4090 2082 4158; x_wconf 81' lang='lat' dir='ltr'>infelicitati</span> <span class='ocrx_word' id='word_1_333' title='bbox 2110 4096 2398 4161; x_wconf 82' lang='lat' dir='ltr'>Thomae.</span> 
     </span>
    </p>
   </div>
   <div class='ocr_carea' id='block_1_24' title="bbox 1674 4298 2092 4357">
    <p class='ocr_par' dir='ltr' id='par_1_33' title="bbox 1674 4298 2092 4357">
     <span class='ocr_line' id='line_1_71' title="bbox 1674 4298 2092 4357; baseline -0.01 0"><span class='ocrx_word' id='word_1_334' title='bbox 1674 4317 1705 4357; x_wconf 65' lang='lat' dir='ltr'><em>a</em></span> <span class='ocrx_word' id='word_1_335' title='bbox 1738 4302 1798 4353; x_wconf 77' lang='lat' dir='ltr'>F.</span> <span class='ocrx_word' id='word_1_336' title='bbox 1820 4298 2092 4353; x_wconf 68' lang='lat' dir='ltr'>aun-aum.</span> 
     </span>
    </p>
   </div>
  </div>
 </body>
</html>
