3414 4866
549 323 696 408 126²

501 467 717 533 Epistola

501 537 763 586 Britanno-

501 617 610 650 rum
636 601 693 650 ad

501 667 718 716 AEtium.

1077 340 1796 420 ·JOANN18
1908 339 2548 408 LELANDI

829 473 1089 559 perculae
1136 476 1458 536 Britonum
1502 471 1791 554 relliquiae
1856 472 2109 542 mittunt
2166 471 2499 556 epistolam,
2558 479 2731 559 cujus
2779 479 2899 544 hoc

835 563 1190 646 principium
1241 560 1372 624 est.
1422 568 1466 595 “
1498 562 1662 622 AEtio
1714 577 1799 622 ter
1843 557 2071 628 consuli
2116 565 2375 644 gemitus
2406 567 2895 642 Britannorum.u

831 651 954 714 Et
940 673 1002 712 ιιι
1033 650 1298 733 processu
1325 646 1589 732 epistolae
1635 650 1713 710 ita
1743 646 1872 714 suas
1902 647 2259 712 calamitates
2289 654 2637 734 explicant:
2690 661 2732 688 “
2766 658 2889 718 Re-

833 747 882 774 “
911 738 1139 822 pellunt
1168 738 1407 806 barbari
1436 737 1511 805 ad
1541 757 1721 810 mare,
1768 737 2001 818 repellit
2036 756 2196 801 mare
2222 739 2299 800 ad
2332 739 2635 806 barbaros,
2728 747 2889 806 Inter

833 834 878 872 ⁴‘
908 829 1036 896 haze
1080 828 1360 896 oriuntur
1406 825 1534 886 duo
1577 845 1795 908 genera
1838 823 2162 901 funerum3
2221 843 2326 888 aut
2357 829 2731 912 jugulamur,
2782 846 2887 894 aut

831 923 874 957 “
905 917 1254 1004 mergimur.
1263 919 1299 944 ”
1387 917 1604 1014 Neque
1653 914 1779 974 haec
1814 927 2009 974 tamen
2058 930 2301 995 agentes
2330 919 2657 1000 quicquam
2702 919 2779 980 ab
2809 941 2887 982 eo

831 1004 1040 1068 auxilii
1089 1005 1406 1084 impetrare
1455 1003 1801 1082 quiverunt,
1849 1016 2060 1080 utpote
2099 1002 2206 1083 qui
2237 1003 2579 1085 gravissimis
2624 1027 2697 1068 eo
2735 1020 2879 1068 tem-

831 1111 978 1176 pore
1021 1089 1190 1154 bellis
1234 1111 1372 1152 cum
1420 1087 1648 1152 Bledda
1691 1090 1752 1152 &
1792 1089 2001 1162 Attila,
2064 1089 2307 1172 regibus
2346 1095 2689 1170 Hunorum,
2752 1109 2881 1160 erat

825 1193 1175 1263 occupatus,

1589 1269 1691 1328 Ex
1721 1269 1847 1346 cap.
1881 1279 2114 1328 x11110.

915 1372 1148 1432 Interea
1174 1369 1445 1430 Britones
1473 1366 1656 1428 fames
1701 1367 1802 1427 illa
1831 1365 2077 1448 praefata
2116 1350 2309 1449 magis
2344 1363 2649 1452 magisque
2678 1369 2875 1434 adfici·
2946 1435 2953 1442 ,

829 1478 953 1533 ene,
1001 1477 1070 1520 ac
1113 1454 1335 1517 famam
1378 1453 1492 1516 suae
1542 1455 1779 1516 malitiae
1826 1453 2067 1535 posteris
2115 1453 2462 1520 diuturnam
2508 1459 2875 1540 relinquens,

825 1545 1052 1610 multos
1089 1565 1296 1608 eorum
1324 1543 1518 1626 co'e‘git
1547 1543 1731 1604 victas
1776 1539 1997 1604 infestis
2028 1541 2406 1644 praedonibus
2437 1543 2581 1606 dare
2622 1566 2868 1608 manus·
2852 1595 2871 1621 ,

822 1634 966 1696 alios
993 1652 1138 1694 vero
1168 1651 1496 1712 nunquam,
1544 1630 1691 1712 quin
1726 1630 1923 1710 potius
1952 1629 2357 1692 confidentes
2342 1650 2403 1691 m
2435 1631 2728 1708 divinum,
2766 1635 2875 1698 ubi

819 1723 1157 1786 humanum
1185 1717 1435 1791 cessavit,
1467 1719 1783 1792 auxilium,
1816 1716 1890 1778 de
1918 1717 2054 1798 ipsis
2086 1717 2413 1791 montibuS,
2460 1715 2769 1798 speluncis,
2803 1743 2873 1784 ae

817 1807 1064 1872 saltibus
1094 1802 1374 1868 continue
1419 1805 1825 1867 rebellabant:
1875 1805 1935 1866 8c
1978 1820 2106 1866 tum
2154 1806 2412 1886 primum
2442 1806 2715 1880 inimicis,
2764 1813 2875 1891 qui

818 1918 925 1980 per
953 1895 1178 1957 multos
1217 1913 1401 1955 annos
1448 1893 1675 1975 praedas
1724 1895 1783 1954 in
1814 1908 1967 1954 terra
2008 1895 2283 1975 agebant,
2330 1892 2545 1976 strages
2577 1894 2719 1958 dare
2747 1915 2877 1960 coe„

819 2003 1059 2066 petunt.
1152 1985 1558 2044 Revertantur
1587 2001 1733 2063 ergo
1768 1996 1795 2025 α
1828 1982 2207 2061 impudentes
2247 1983 2589 2062 grassatores
2620 1985 2869 2048 Hiberni

814 2069 842 2118 ὅ
881 2071 1150 2144 domum,
1203 2067 1332 2151 post
1364 2087 1484 2139 non
1527 2069 1777 2150 longum
1824 2086 2055 2148 tempus
2086 2067 2393 2131 reversuri.
2484 2069 2636 2133 Picti
2666 2071 2727 2132 in
2748 2093 2863 2134 ex·

725 2201 732 2212 ι
817 2175 1004 2226 trema
1049 2174 1216 2240 parte
1257 2154 1468 2218 insulae⁴
1504 2170 1644 2218 tunc
1685 2159 1969 2239 primum,
2016 2157 2076 2216 8c
2118 2157 2415 2239 deincepS,
2464 2158 2863 2240 quieverunt3

813 2247 1046 2330 praedas
1081 2261 1278 2307 tamen
1307 2264 1736 2326 nonnunquam
1766 2244 1982 2304 exinde
2011 2245 2068 2304 δι
2104 2257 2127 2289 ⁶
2150 2247 2535 2307 contritiones
2564 2247 2639 2306 de
2668 2249 2861 2309 Brito—

811 2356 958 2398 num
1007 2351 1186 2418 gente
1235 2343 1408 2414 agere
1439 2353 1562 2394 non
1607 2331 1917 2409 cessarunt.
2012 2331 2275 2394 Cessante
2320 2349 2516 2395 autem
2550 2331 2867 2402 vastatione

811 2421 1029 2499 hostili,
1079 2423 1256 2483 tantis
1276 2419 1521 2502 frugum
1549 2420 1735 2502 copiis
1766 2399 1970 2493 insula,
2011 2416 2040 2464 d
2060 2422 2317 2501 quantis
2333 2421 2493 2483 nulla
2534 2438 2694 2485 retro
2722 2440 2871 2487 aetas

805 2512 1101 2584 meminit,
1149 2508 1406 2571 adfluere
1430 2510 1630 2590 coepit.
1701 2510 1861 2568 Cum
1896 2506 2121 2589 quibus
2144 2510 2205 2569 Sc
2234 2509 2471 2571 luxuria
2500 2507 2767 2586 crescere,
2800 2514 2865 2573 &-

809 2600 971 2663 hanc
1011 2600 1300 2660 continuo
1343 2600 1614 2657 omnium
1664 2597 1791 2657 lues
1834 2592 2115 2656 scelerum
2160 2598 2431 2661 comitari
2470 2598 2861 2675 acceleravit,
2838 2625 2856 2641 ·

809 2686 1134 2750 crudelitas
1182 2685 1493 2767 praecipue,
1540 2686 1600 2743 81
1639 2684 1847 2745 odium
1892 2683 2171 2756 veritatis,
2218 2704 2504 2765 amorque
2547 2686 2857 2763 mendacii,

810 2777 895 2839 ita
923 2788 1013 2848 ut,
1062 2774 1106 2837 fi
1137 2774 1274 2854 quis
1299 2792 1508 2833 eoru-m
1544 2772 1762 2845 mitior,
1811 2772 1871 2831 8c
1914 2772 2149 2831 veritati
2186 2772 2561 2853 anquatenus
2594 2775 2856 2856 propior,

807 2863 1134 2935 videretur,
1177 2862 1238 2922 in
1293 2862 1474 2934 hunc,
1529 2856 1694 2941 quafi
1752 2861 2067 2928 Britanniae
2116 2854 2537 2936 subversorem,
2588 2864 2863 2925 omnium

807 2950 944 3013 odia
993 2948 1228 3030 telaque
1273 2948 1392 3009 fine
1435 2944 1700 3028 respectu
1743 2961 2297 3029 contorquerentur.
2393 2950 2474 3009 Et
2514 2970 2634 3009 non
2666 2946 2857 3011 solum

805 3040 934 3099 haec
969 3033 1253 3099 seculares
1299 3034 1431 3112 viri,
1477 3034 1573 3097 sed
1619 3035 1798 3095 etiam
1844 3031 1961 3114 ipse
1992 3054 2142 3115 grex
2170 3034 2421 3108 domini,
2468 3034 2711 3117 ejusque
2752 3058 2856 3119 pa·

805 3124 1009 3199 stores,
1068 3138 1364 3205 egerunt3
1427 3123 1719 3194 ebrietati,
1766 3120 2138 3194 animositati,
2198 3120 2408 3205 litigio,
2469 3125 2857 3199 contentioni,

804 3212 1060 3287 invidiae,
1105 3208 1430 3293 ceterisque
1459 3207 1803 3289 hujusmodi
1831 3206 2214 3282 facinoribus»,
2264 3207 2364 3273 sua
2400 3211 2573 3286 colla,
2621 3212 2857 3291 abjecto

799 3299 918 3361 levi
937 3301 1100 3383 jugo·
1118 3297 1355 3372 Christi,
1404 3296 1749 3359 subdentes,
1838 3302 2070 3357 Interea
2094 3296 2287 3359 subito
2316 3315 2615 3380 corruptae
2638 3302 2855 3373 mentis

800 3388 1072 3449 homines
1115 3385 1323 3448 acerba
1371 3384 1543 3467 pestis
1591 3385 1902 3465 corripuit,
1950 3404 2087 3466 quae
2133 3387 2192 3446 in
2249 3385 2407 3447 brevi
2456 3404 2672 3449 tantam
2722 3389 2857 3465 ejus

796 3474 1248 3537 multitudinem
1281 3472 1504 3547 stravit,
1552 3490 1621 3535 ut
1670 3494 1743 3534 ne
1772 3468 2117 3553 sepeliendis
2156 3474 2403 3553 quidem
2432 3475 2684 3537 mortuis
2729 3476 2849 3537 vivi

795 3560 1152 3625 sufficerent.
1249 3562 1364 3624 Sed
1395 3584 1467 3624 ne
1497 3581 1688 3623 morte
1716 3560 1965 3640 quidem
1994 3556 2257 3635 suorum,
2304 3580 2411 3623 nec
2444 3559 2655 3625 timore
2684 3581 2847 3624 mor-

799 3653 896 3725 ιΞε,
927 3652 1012 3725 hi,
1042 3652 1149 3732 qui
1174 3648 1532 3732 supererant,
1573 3670 1606 3708 a
1638 3664 1836 3709 morte
1866 3649 2097 3722 animae,
2144 3666 2267 3730 qua
2298 3648 2599 3730 peccando
2630 3646 2843 3713 sterne-

791 3738 1033 3812 bantur,
1081 3740 1342 3799 revocari
1373 3752 1665 3821 poterant.
1743 3736 1923 3797 Unde
1953 3756 2071 3797 non
2101 3738 2292 3797 multo
2322 3735 2453 3820 post
2480 3739 2672 3799 acrior
2699 3757 2842 3819 gen-

793 3842 914 3889 tem
945 3828 1328 3906 peccatricem
1369 3826 1522 3887 ultio
1551 3826 1664 3885 diri
1710 3820 1936 3885 sceleris
1966 3822 2123 3885 secu
2108 3844 2161 3885 a
2206 3822 2309 3887 est.
2398 3827 2624 3887 Initum
2674 3846 2841 3887 nam·

789 3933 910 3993 que
937 3912 1020 3975 est
1049 3913 1382 3986 confilium,
1427 3913 1576 3995 quid
1608 3912 1928 4001 agendum,
1972 3914 2080 3974 ubi
2110 3912 2501 3994 quaerendum
2531 3912 2666 3975 ess'et
2697 3934 2847 3997 prae·

788 3999 1026 4074 fidium,
1072 4001 1150 4062 ad
1179 3962 1503 4073 evitan’2dts,
1535 4000 1624 4061 vel
1658 3995 2040 4080 repellendaS,
2084 4016 2202 4061 tam
2232 3997 2404 4075 ferae,
2437 4015 2681 4084 tamque
2712 4024 2839 4067 cre-

784 4088 1094 4161 benimas,
1164 4090 1434 4171 gentium
1481 4102 1504 4132 e
1543 4088 1972 4169 aquilonalium
2026 4088 2428 4167 irruptiones.
2492 4089 2837 4173 placuitque

785 4178 1069 4238 omnibus
1112 4196 1248 4239 cum
1295 4172 1402 4236 suo
1447 4195 1587 4256 rege
1615 4176 1996 4255 VortIgernO,
2044 4189 2111 4237 ut
2148 4179 2451 4237 Saxonum
2492 4192 2729 4259 gentem
2758 4178 2837 4241 de

781 4261 1177 4327 transmarinis
1227 4264 1500 4347 partibus
1541 4264 1606 4323 in
1646 4264 1943 4325 auxilium
1983 4276 2287 4327 vocarent.
2373 4266 2563 4349 Qod
2602 4265 2833 4331 domini

781 4412 1164 4482 ae-Impmdentes
1186 4414 1251 4468 al.
1305 4414 1330 4465 b
1355 4418 1545 4467 Domus
1564 4416 1629 4464 cl.
1684 4431 1707 4465 c
1732 4413 2036 4465 contritione
2056 4414 2128 4465 M
2130 4414 2178 4461 S.
2234 4412 2265 4461 d
2287 4414 2503 4480 Qantas
2522 4410 2647 4497 5215.
2698 4426 2722 4457 e
2746 4408 2834 4458 Sic.

2674 4526 2829 4577 nutu
