3414 4866
538 176 707 263 &30
1204 168 1808 253 JOANNIS
1909 165 2634 233 LELANDI

938 302 1227 373 Alfi-edus
1272 304 1416 369 vicit
1444 304 1649 367 Dauos
1678 302 1982 365 cruentiffi
2017 324 2240 387 pugna,
2284 302 2718 388 quingentis
2769 296 2810 366 Ξ
2837 301 3010 367 vilo·

854 396 1027 460 duno
1054 390 1329 475 paffibus,
1373 394 1437 455 in
1465 390 1629 467 loco,
1674 390 1860 473 vulgo
1881 388 2296 457 Waschesorne
2323 391 2570 453 dieto.

898 512 905 523 ·
945 480 1185 554 AElfled,
1234 478 1499 562 puellula
1531 480 1710 541 trium
1739 499 2054 554 annorum,
2101 495 2320 543 temere
2355 499 2404 541 a
2443 479 2736 543 nutrice
2765 478 2842 539 in
2879 476 3006 539 bal-

857 591 975 636 neo
1021 567 1247 643 relicta,
1294 588 1437 650 quae
1486 562 1725 649 fugerat
1769 582 2014 648 propter
2055 585 2282 631 metum
2327 570 2402 629 8c
2451 566 2838 649 strepitum
2893 585 3002 647 pu·

857 657 1191 743 guantium,
1250 655 1449 739 periit,
1506 655 1567 716 &
1612 651 1840 738 sepulta
1887 652 2009 717 fuit
2057 656 2124 719 in
2179 654 2594 719 monasterio
2653 656 2732 717 S.
2791 655 3004 718 Mariae

859 745 1171 810 Viloduni.

942 829 1230 895 Alfredus
1248 849 1376 903 rex,
1408 828 1655 891 devietis
1676 832 1888 905 Danis,
1909 845 2084 895 motu
2101 833 2308 903 uxotis
2333 828 2476 894 suae
2503 830 2834 913 nginae
2853 847 2996 890 con-

858 920 1016 985 didit
1060 938 1283 981 novum
1310 915 1736 981 monasterium
1763 919 2074 993 Viloduni,
2117 941 2192 982 eo
2241 921 2402 995 loco,
2469 921 2610 982 ubi
2665 915 2806 999 ipse
2833 913 2998 999 prius

858 1008 1247 1080 habitaverat,
1305 1006 1365 1067 ἃ
1414 1005 1734 1071 duodecim
1777 1003 1966 1070 sacras
2012 1009 2270 1091 virgines
2311 1029 2508 1071 curae
2561 1004 2990 1088 Radegundis
3086 996 3091 1099 γ

860 1097 1094 1159 abbatis
1124 1092 1390 1168 tradidit,
1438 1090 1858 1177 transtulitque
1884 1093 2170 1159 tredecim
2201 1097 2476 1178 virgines
2513 1090 2906 1156 monasterii
2931 1094 2987 1153 S.

862 1182 1164 1247 Mariae‘in
1186 1179 1381 1249 suum.
1453 1185 1545 1245 Ita
1564 1196 1738 1247 erant
1757 1202 2009 1246 numero
2029 1182 2242 1265 viginti
2269 1186 2330 1246 &
2352 1180 2496 1247 sex.
2565 1177 2878 1244 Absolvit
2894 1198 2980 1240 ec·

860 1270 1095 1339 clefiam
1116 1290 1332 1359 novam
1356 1290 1495 1331 cum
1522 1268 1778 1333 officinis
1804 1270 2043 1334 duobus
2063 1271 2248 1348 annis,
2281 1292 2484 1355 quam
2521 1268 2876 1335 dedicavit
2903 1269 2982 1327 D.

858 1361 1089 1431 Mariae,
1134 1360 1197 1419 81
1238 1358 1461 1419 Sanno
1492 1358 1950 1441 Barptolemaeo.

948 1444 1237 1509 Alfi-edus
1280 1444 1550 1507 condidit
1576 1444 1994 1509 monasterium
2035 1444 2113 1510 de
2149 1444 2562 1531 Sceastesbyri
2609 1444 2688 1511 in
2719 1441 2974 1529 gratiam

861 1533 1221 1617 Ethelgarae,
1266 1531 1407 1593 filiae
1431 1530 1567 1593 suae.
1829 1542 1836 1549 ’

950 1620 1227 1703 Edgarus
1250 1640 1357 1681 rex
1384 1622 1625 1683 nomine
1652 1620 1792 1683 filiae
1819 1618 1938 1684 suae
1957 1620 2217 1697 Edithae,
2240 1642 2318 1687 ex
2339 1620 2722 1686 Wultrilde
2747 1634 2968 1683 concu-

862 1710 1008 1775 bina
1037 1708 1271 1790 genitae,
1316 1705 1487 1771 auxit
1516 1707 1940 1772 monasterium
1969 1708 2392 1773 Vilodunense.

952 1799 1098 1859 Haec
1142 1815 1281 1857 cum
1311 1796 1666 1872 adolevisset,
1713 1814 1960 1861 curante
2001 1814 2187 1879 patre,
2231 1798 2770 1881 gubernationem
2802 1810 2962 1855 acce·

862 1885 957 1969 pit
985 1885 1165 1945 trium
1194 1882 1701 1962 monasteriorum,
1733 1884 1954 1949 scilicet
1981 1885 2418 1963 modum-niis,
2457 1878 2960 1967 Berecingenfis,

1010 2028 1019 2035 .
1795 1995 2104 2043 Simenorum

863 2063 923 2125 8:
948 2061 1205 2127 Mariani
1236 2059 1405 2148 quod
1432 2058 1517 2123 est
1544 2063 1758 2123 Ventae
1789 2063 2131 2147 Belgarum.

571 2186 688 2261 Rag.
715 2194 829 2252 196.
1170 2186 1273 2245 Ex
1302 2184 1493 2267 primo
1518 2182 1663 2247 libro
1687 2183 1982 2260 Eadmeri,
2035 2183 2296 2248 monachi
2321 2186 2638 2249 Cantuar=

952 2289 1071 2352 Hic
1113 2308 1261 2371 ergo
1304 2286 1699 2365 Lanfrancus,
1745 2312 1882 2355 eum
1909 2292 2292 2361 cantuariam
2331 2292 2537 2375 primo
2567 2286 2843 2361 venissess
2885 2277 2949 2344 ἃ

866 2375 1163 2441 ecclesiam
1194 2376 1531 2452 salvatoris,
1577 2400 1768 2462 quam
1811 2401 2012 2464 regere
2043 2375 2389 2464 susceperat,
2435 2379 2736 2444 incendio
2764 2390 2940 2458 atque

869 2467 1053 2529 ruinis
1096 2487 1247 2548 pene
1284 2464 1687 2529 nihmfactam
1733 2469 2055 2544 invenisset,
2117 2483 2316 2531 mente
2363 2466 2792 2532 consternatus
2841 2457 2937 2524 est«

868 2554 985 2617 Sed
1016 2575 1156 2616 cum
1200 2555 1561 2636 magnitudo
1598 2556 1738 2618 mali
1783 2556 1957 2620 illum
1999 2571 2240 2640 cogeret
2269 2553 2610 2640 desperare,
2656 2550 2836 2617 rediit
2871 2548 2936 2612 in

864 2639 945 2714 se,
992 2642 1294 2722 animique
1326 2638 1679 2705 fortitudine
1705 2642 1915 2720 fretus,
1964 2641 2064 2706 sua
2098 2643 2531 2707 commoditate
2563 2635 2932 2730 posthabita·

870 2729 1084 2791 domos
1130 2729 1207 2788 ad
1257 2749 1411 2810 opus
1462 2733 1892 2795 monachorum
1935 2731 2272 2794 necessarias
2321 2731 2506 2794 citato
2555 2750 2748 2816 opere
2789 2741 2928 2788 con-

868 2813 1203 2888 summavit,
1248 2817 1471 2898 quibus
1516 2838 1622 2900 per
1660 2819 1857 2902 plures
1903 2840 2088 2884 annos
2128 2817 2216 2881 ufi
2245 2815 2425 2881 sunt:
2467 2833 2498 2865 ⁰
2527 2815 2798 2882 adaucto
2833 2829 2933 2874 eo·

868 2923 1009 2966 rum
1033 2919 1347 2977 conventu,
1394 2925 1588 2986 parvae
1615 2908 1944 2971 admodum
1974 2903 2104 2969 visae
2132 2904 2284 2969 sunt.
2358 2903 2706 2970 Destruftis
2731 2904 2928 2982 itaque

871 2991 1013 3064 illis,
1073 2991 1235 3064 aliaS,
1300 2991 1511 3055 decore
1559 2995 1619 3056 ἃ
1668 2991 2077 3078 magnitudine
2127 2993 2420 3077 prioribus
2470 2995 2744 3062 multum
2787 3005 2928 3072 prae·

872 3074 1115 3154 stante3‚
1144 3076 1476 3142 aedificavit.
1546 3081 1885 3144 AEdificavit
1911 3083 1970 3145 &
1994 3083 2222 3146 curiam
2246 3081 2398 3156 fibi;
2438 3080 2747 3146 ecclefiam
2780 3092 2920 3158 ptae·

874 3178 1053 3236 terea,
1098 3185 1285 3246 quam
1314 3162 1502 3248 spatio
1528 3165 1750 3249 septem
1779 3191 2074 3236 annorum
2119 3167 2156 3231 a
2182 3167 2592 3236 fundamentis
2621 3167 2810 3236 ferme·
2837 3175 2921 3222 ἴθ’

872 3267 998 3318 tam
1030 3251 1358 3333 perfectam
1386 3253 1666 3318 reddidit.

960 3339 1130 3424 Qid
1158 3339 1405 3402 referam
1436 3344 1510 3404 de
1532 3345 1769 3407 abbatia
1797 3349 1860 3406 S.
1877 3344 2116 3422 Albani,
2147 3364 2353 3428 quam,
2385 3346 2548 3408 intus
2571 3345 2635 3409 δι
2664 3352 2826 3406 extra
2845 3329 2919 3398 ad

876 3427 1141 3492 nihilum
1167 3425 1289 3490 fere
1318 3428 1680 3506 devolutam,
1709 3430 1852 3515 ipse,
1897 3446 1968 3498 ut
1992 3430 2178 3510 suam,
2219 3429 2493 3495 instituto
2523 3434 2578 3495 ei
2609 3434 2777 3496 bonae
2803 3441 2921 3488 me·-

877 3517 1081 3582 moriae
1130 3517 1318 3578 Paulo
1368 3518 1605 3597 abbate,
1662 3517 1699 3582 a
1742 3517 2148 3582 fundamentis
2199 3519 2592 3595 reaedificavit,
2658 3520 2718 3580 &
2763 3515 2922 3576 inm-‘²

878 3622 1093 3684 magna
1121 3603 1422 3686 religione,
1468 3604 1613 3668 foris
1642 3607 1970 3669 multarum
1999 3629 2200 3672 rerum
2227 3609 2568 3686 donatione,
2599 3604 2786 3680 auxit,
2815 3599 2916 3686 hof·

878 3687 1143 3762 nestavit,
1188 3690 1442 3753 ditavit?

968 3779 1043 3838 Iu
1088 3773 1430 3860 episcopatu
1475 3778 1720 3844 Rofenfi
1760 3802 1885 3844 non
1935 3781 2132 3845 multo
2179 3783 2380 3866 plures
2421 3805 2603 3868 quam
2643 3790 2914 3866 quattuor

884 3865 1237 3940 Canonicoe,
1284 3865 1343 3934 δε
1386 3864 1543 3948 ipsos
1571 3866 1966 3932 aerumnosam
1994 3872 2178 3935 vitam
2219 3887 2458 3954 agentes
2487 3871 2596 3936 sub
2625 3862 2909 3950 Siuuordo

882 3948 1181 4034 episcopO,
1229 3956 1467 4035 reperit,
1514 3958 1624 4037 qui
1664 3953 1971 4039 episcopus
2008 3959 2118 4021 ubi
2146 3977 2280 4021 cum
2320 3959 2602 4036 Ernust0‚
2650 3974 2822 4042 quem
2856 3945 2908 4010 εἰ

882 4036 1267 4104 successorem
1304 4040 1678 4106 Lanfrancus
1721 4042 2022 4122 statuerat,
2070 4043 2335 4130 praesenti
2362 4050 2498 4110 vitae
2533 4045 2785 4112 sublatus
2807 4027 2898 4107 est,

780 4127 789 4136 ‘
878 4129 1208 4198 monachus
1234 4126 1351 4220 piae
1374 4131 1820 4209 recordationis,
1863 4135 2284 4220 Gundulphus
2311 4139 2574 4219 nomine,
2613 4137 2689 4206 ab
2713 4126 2902 4198 ⁶0de

1682 4293 1714 4333 ο
1745 4279 1844 4344 An,
1877 4291 1925 4332 at
1945 4277 2130 4333 auito?

2182 4367 2228 4428 ⁴
2819 4327 2896 4400 ibi
