3414 4866
546 196 678 283 αι,
1190 178 1798 264 JoANNIS
1902 178 2542 250 LELANDI

830 312 1100 379 confinio
1126 316 1526 389 Gualliarum,
1559 313 1818 395 jubente
1843 336 1986 401 rege
2015 318 2294 395 Henrico,
2325 316 2753 383 habitationem
2784 336 2932 385 εσ-

824 418 1131 486 ceperunt,
1174 405 1283 486 qui
1332 400 1643 487 hucusque
1687 403 1749 467 in
1804 401 2056 467 insulam
2102 409 2442 469 catervatim
2487 407 2916 489 confluentes,

822 513 934 555 nec
962 493 1156 555 minus
1185 512 1369 576 quam
1398 491 1691 575 indigenae
1722 493 1900 554 armis
1936 486 1996 553 8c
2023 494 2236 557 militia
2261 508 2548 577 potenteS,
2595 517 2915 581 magnam

820 580 934 642 fibi
964 582 1092 661 jam
1136 583 1199 643 in
1236 596 1267 627 a
1300 601 1371 646 ea
1422 595 1649 661 partem
1693 576 1802 643 sub
1843 582 2206 645 Not-mannis
2255 580 2576 645 militantes
2624 584 2914 667 acquisi-

818 685 1075 729 verunt:
1120 688 1386 751 quorum
1416 668 1621 730 crebra
1653 666 1717 731 in
1746 664 1996 730 insulam
2025 669 2400 745 confluentia,
2447 670 2506 731 8:
2534 671 2688 734 inter
2715 676 2908 735 Nor·

821 773 1075 820 mannos
1104 756 1413 833 habitatio,
1460 752 1775 841 quousque
1801 756 2102 839 procedat,
2147 754 2397 841 sequens
2417 774 2557 821 aetas
2577 758 2842 825 videbit.

1666 861 1994 926 LelanduS.

906 961 1144 1036 Omnia,
1176 981 1315 1043 quae
1340 956 1464 1025 fere
1492 954 1693 1027 scribit
1719 962 2022 1027 Aluredus
2051 961 2126 1027 de
2147 946 2402 1046 'regibus
2429 965 2652 1041 Etim:
2685 963 2888 1049 usque

816 1048 895 1111 ad
928 1054 1231 1111 Saxonum
1273 1050 1621 1125 adventum,
1669 1046 1704 1111 ὲ
1735 1049 2008 1130 Galfredi
2039 1049 2298 1131 historia,
2345 1050 2646 1139 suppresso
2675 1070 2882 1119 tamen

818 1138 1067 1201 omnino
1092 1139 1221 1219 ejus
1252 1140 1508 1214 nomine,
1554 1135 1865 1221 desumpta
1901 1136 2057 1203 sunt.

995 1247 1070 1311 In
1096 1250 1269 1330 cap0.
1314 1247 1383 1309 de
1412 1248 1780 1311 Dunuallone
1807 1248 1920 1310 haec
1959 1247 2028 1310 de
2055 1268 2121 1327 4.
2155 1250 2277 1313 viis
2297 1250 2440 1331 pub:
2479 1268 2606 1335 quae
2631 1252 2700 1315 in

1318 1336 1592 1417 Galfredo
1618 1358 1730 1407 non
1757 1339 2108 1417 comparent,
2133 1340 2374 1418 scribit.

488 1432 591 1511 573.ae
624 1450 714 1501 Pu·
902 1436 1145 1501 Prirnus
1172 1435 1339 1499 callis
1366 1430 1451 1499 est
1478 1436 1555 1499 ab
1576 1440 1803 1501 oriente
1833 1439 1894 1509 in
1918 1438 2314 1514 occidentem,
2359 1436 2419 1503 ὅτ
2447 1454 2694 1502 vocatur
2721 1442 2880 1502 Yce·

489 1498 640 1552 bhcae.
812 1524 963 1590 nild.
1055 1524 1365 1587 Secundus
1404 1523 1487 1587 est
1531 1524 1607 1587 ab
1645 1524 1847 1588 austro
1889 1527 1950 1586 in
1979 1526 2346 1607 aqussonem,
2389 1527 2448 1589 δε
2476 1542 2726 1591 vocatur
2754 1531 2880 1589 Er-

811 1606 1250 1695 mingestreate.
1341 1610 1590 1673 Tertius
1620 1610 1703 1673 est
1733 1632 1808 1674 ex
1840 1610 2160 1676 transverso
2185 1615 2222 1676 ὲ
2249 1613 2628 1690 Dorobernia
2658 1617 2724 1677 in
2753 1616 2881 1677 Ce-

809 1698 1021 1773 strum,
1068 1696 1284 1762 scilicet
1329 1698 1406 1760 ab
1447 1699 1814 1764 Euroaustro
1844 1699 1907 1763 in
1939 1702 2287 1783 Zephyrum
2323 1700 2877 1785 septentrionalem,

732 1792 741 1801 ’
812 1786 871 1848 &
898 1801 1149 1848 vocatur
1176 1784 1716 1869 Wadelingstreate.
1803 1792 2076 1873 Qartus
2106 1790 2296 1871 major
2329 1788 2540 1852 ceteris
2568 1790 2774 1872 incipit
2805 1791 2882 1854 in

813 1872 1136 1947 Catenesl'e,
1184 1874 1243 1935 8c
1273 1873 1484 1937 definit
1522 1878 1584 1936 in
1614 1877 1948 1948 Toteness'e,
1996 1873 2212 1941 scilicet
2261 1876 2295 1939 a
2339 1879 2632 1961 principio
2669 1878 2882 1939 Corn-

810 1961 999 2021 waliae
1030 1958 1303 2045 usquein
1333 1962 1513 2023 finem
1541 1965 1750 2025 Scotiae
1775 1986 1796 2038 3
1841 1966 1902 2023 8τ
1930 1963 2026 2025 hic
2054 1964 2214 2027 callis
2243 1966 2412 2027 vadit
2437 1986 2515 2027 ex
2543 1963 2882 2028 transverso

814 2046 851 2109 a
904 2049 1182 2131 Zephyro
1242 2048 1475 2111 australi
1519 2051 1581 2111 in
1626 2052 1857 2112 Eurum
1903 2048 2437 2135 septentrionalem,
2502 2054 2562 2115 8c
2619 2069 2874 2135 vocatur

812 2137 1000 2213 Fossa,
1050 2136 1379 2219 tenditque·
1391 2158 1497 2221 per
1527 2136 1922 2201 Lincolniam.

514 2255 631 2322 Pag.
654 2272 768 2307 200.
1030 2248 1102 2310 In
1121 2248 1493 2327 peroratione
1518 2246 1756 2327 hzstoriae
1783 2270 1989 2333 regum
2019 2250 2260 2314 Britan:
2273 2246 2367 2333 sic
2373 2250 2590 2333 scribit
2619 2278 2639 2314 .-

905 2348 957 2399 su
997 2366 1083 2398 :re
1115 2349 1221 2399 ibus

602 2457 609 2464 -
896 2364 997 2481 ΒΞ
1039 2366 1263 2501 ςξιίὴιιε
1308 2439 1432 2482 non
1472 2439 1651 2502 parva
1684 2420 2034 2502 parvitatem
2073 2441 2270 2483 meam
2314 2420 2631 2485 meditatio
2660 2437 2856 2501 vexat,

376 2575 384 2582 ‚
482 2508 725 2562 Asturius·
811 2507 963 2590 quid
991 2507 1195 2570 cauffae
1226 2509 1510 2583 extiterit,
1554 2511 1721 2590 quod
1755 2507 1830 2569 de
1879 2509 2098 2588 inclyto
2131 2529 2266 2592 rege
2293 2513 2526 2574 Arturo
2554 2510 2708 2574 nihil
2733 2515 2862 2574 Ro-

809 2615 1006 2670 mana,
1053 2595 1200 2658 nihil
1229 2594 1567 2678 Anglorum
1596 2594 1838 2657 historia
1864 2597 2216 2659 meminerit.

898 2685 979 2745 Et
1001 2679 1131 2764 post
1161 2703 1300 2757 eum
1329 2681 1491 2745 filius
1513 2680 1651 2744 suus
1678 2683 1877 2758 Oeric,
1923 2703 2060 2768 cog:
2083 2680 2250 2760 Oesc‚
2282 2683 2317 2756 ὲ
2342 2706 2472 2770 quo
2498 2706 2665 2770 reges
2695 2688 2858 2768 Can-

810 2783 967 2832 tuar:
1001 2765 1349 2854 Oeschingae
1378 2769 1521 2832 dicti
1551 2766 1711 2834 sunt.

892 2857 997 2920 Ab
1027 2855 1241 2941 Anglis
1271 2857 1487 2941 Anglia
1514 2879 1734 2921 nomen
1761 2855 1974 2942 sumpsi
1986 2873 2026 2922 t.
2080 2919 2090 2924 -

898 2948 979 3008 Et
1006 2965 1213 3009 eorum
1242 2945 1365 3007 filia
1394 2945 1512 3008 fuit
1542 2950 1604 3010 S.
1634 2945 2018 3030 Ethelberga,
2067 2949 2127 3012 S.
2159 2944 2421 3022 Edwini‚
2448 2948 2605 3033 regis
2626 2948 2858 3014 North-

478 3035 699 3090 Limene.
805 3033 1084 3107 umbriae,
1131 3033 1355 3116 regina,
1401 3055 1537 3116 quae
1566 3032 1990 3098 monasterium
2026 3027 2087 3096 i'n
2131 3034 2286 3114 loco,
2333 3037 2443 3120 qui
2484 3037 2713 3102 dicitur
2733 3041 2858 3122 Ly-

803 3129 997 3197 mene,
1042 3120 1395 3200 construxit,
1441 3123 1500 3186 8<
1528 3122 1614 3186 ibi
1643 3120 1977 3206 requiescit.
2819 3118 2829 3131 ‘

2146 3229 2197 3276 su
2237 3227 2534 3278 :Edelbaldo

889 3298 1122 3369 Emma.
1155 3297 1307 3382 regis
1336 3300 1699 3365 Francorum
1730 3297 1871 3375 filia,
1895 3298 2102 3382 genuit
2131 3299 2186 3358 ei
2200 3245 2277 3359 pS.
2313 3295 2678 3374 Enswidam‚
2711 3319 2859 3380 quae

800 3379 867 3448 in
891 3383 1272 3451 Folchestane
1296 3383 1603 3470 requiescit
1625 3373 1669 3460 ς’.
1692 3387 1752 3448 8c
1781 3387 2058 3476 regulum
2080 3385 2576 3460 Eormenredum,
2621 3399 2856 3466 patrem

800 3475 867 3535 S.
912 3474 1405 3557 Eoi-menburgae,
1450 3474 1665 3557 reginae
1707 3472 2237 3554 Westanglorum3
2284 3472 2342 3533 &
2387 3477 2448 3534 S.
2482 3473 2853 3537 Ermenbur-

801 3579 964 3642 gam,
1013 3564 1077 3624 S.
1113 3561 1545 3636 Etheldridam,
1596 3565 1658 3624 S.
1689 3559 2117 3643 Ermengidam
2142 3585 2160 3632 3
2209 3561 2268 3619 &
2297 3555 2524 3622 sanctos
2564 3575 2854 3642 martyres

800 3647 1193 3710 Ethelredum
1238 3664 1420 3734 atque
1457 3647 1912 3724 Ethelbertum,
1979 3667 2134 3730 quos
2187 3647 2450 3710 Thunor
2494 3648 2854 3734 praepofitus

798 3737 1215 3818 martyrizavit.
2787 3817 2794 3824 ,

895 3838 1002 3901 sapt
1026 3839 1339 3888 Ercomberti.
3168 3849 3169 3856 ¹

886 3906 1088 3986 Hujus
1105 3908 1309 3991 regina
1330 3912 1390 3970 S.
1416 3907 1752 3992 Sexburga,
1773 3911 1987 3986 Annae,
2019 3911 2175 3996 regis
2192 3913 2594 3978 Orientalium
2615 3914 2846 3997 Anglo-
3167 3863 3170 4054 ⁴

470 4005 620 4072 shepe
651 4025 678 4056 ο
796 4012 955 4068 rum,
1000 3994 1145 4069 filia,
1188 3994 1606 4058 monasterium
1642 3999 1704 4057 in
1735 4001 1992 4081 Scepege
2018 3999 2372 4064 construxit.

470 4087 589 4121 mon
656 4090 725 4124 εῖτ
885 4083 1004 4146 Cui
1030 4079 1215 4146 frater
1242 4079 1383 4144 suus
1410 4083 1820 4148 Unicthredus
1847 4084 2158 4151 succedens
2179 4087 2476 4154 ecclesiam
2507 4093 2570 4154 S.
2593 4088 2846 4154 Martini

798 4171 867 4234 in
890 4173 1131 4240 Dovera
1154 4171 1508 4237 construxit.

1300 4309 1333 4344 a
1364 4293 1485 4344 Eam
1510 4293 1635 4349 MS.
1656 4311 1758 4350 cum
1779 4297 2244 4370 astenscoscmcetsub
2264 4267 2338 4354 m}

2591 4367 2846 4440 Nomina
