3414 4866
467 239 1222 326 ANTlQUAR1·1
1259 232 2207 314 cthEcTANEAc
2381 249 2385 260 ’
2512 242 2603 340 ξι

383 485 472 547 Ut
497 482 654 549 Octa
677 507 754 549 ex
735 429 924 548 urbe
943 481 1133 547 Ebor.
1143 374 1602 566 ριοςιῖἕιειιε
1578 479 1636 545 se
1663 478 1917 564 suosque
1938 430 2190 543 Aurelio
2217 472 2359 542 sub·

293 569 558 652 miserit,
568 576 824 666 quibus,
849 569 1106 639 consilio
1123 569 1341 634 Eldadi
1369 567 1649 656 episcopi,
1693 570 1817 633 vita
1844 568 2043 634 data..
2253 621 2263 630 ,

1148 681 1500 749 Galfredus.

383 780 686 866 Exemplo
727 782 910 856 etiam
937 779 1106 850 061ae
1133 789 1338 860 motus
1365 782 1530 844 venit
1555 775 1729 857 Cosa,
1776 740 2079 862 ceterique
2096 777 2215 861 qui
2242 772 2364 846 dir·
2668 782 2675 814 ³

293 866 594 952 fugerant,
657 871 718 932 81
765 867 1219 932 misericordiam
1261 870 1791 952 impetraverunt..
1846 867 2035 938 Dedit
2069 887 2231 951 ergo
2278 864 2363 930 eis

295 959 594 1021 coloniam
619 958 802 1038 juxta
831 959 1116 1036 Scotiam,
1157 958 1223 1048 ,ἃ
1245 953 1450 1052 foedus
1474 977 1630 1026 cum
1643 959 1729 1052 eis
1758 939 2162 1019 confirmavit.

1207 1060 1341 1124 Ibid
2016 1103 2022 1108 -

384 1169 493 1232 Ut
499 1163 778 1232 Aurelius
799 1163 1160 1243 Eboracum,-
1191 1085 1564 1246 Longum,
1585 1169 1869 1286 Ventam,
1900 1117 2274 1250 reparaverit.

1150 1271 1502 1336 GalfreduS.

387 1371 634 1436 Monitu
664 1369 885 1435 Eldadi
914 1359 1215 1456 episcopi*
1199 1373 1304 1435 ivit
1335 1373 1428 1436 ad
1437 1372 1861 1438 monasterium
1894 1393 2081 1457 prope
2111 1374 2363 1442 Caerca-

299 1459 501 1534 radoc,
547 1479 683 1544 quae
713 1479 878 1522 nunc
907 1459 1217 1524 Salesbiria
1259 1462 1502 1538 dicitur,
1549 1463 1656 1525 ubi
1687 1459 1953 1526 consules
1981 1462 2042 1523 81
2070 1459 2367 1544 principes
2432 1533 2448 1540 ,
2636 1509 2653 1518 .

288 1547 588 1631 jacebant,
635 1567 788 1632 quos
820 1542 1109 1610 nefandus
1142 1547 1461 1634 Hengistus
1491 1551 1855 1636 prodiderat.
1945 1553 2094 1611 Erat
2122 1547 2209 1610 ibi
2237 1567 2357 1610 coe·
2394 1543 2507 1619 rag.
2537 1535 2657 1615 3¹³·-

294 1635 550 1698 nobium
592 1649 994 1698 trecentorum
1037 1633 1297 1700 fratrum
1345 1638 1408 1702 in
1439 1653 1640 1700 monte
1681 1637 1944 1711 Ambrii,
1991 1637 2133 1720 qui,
2171 1651 2243 1698 ut
2272 1633 2359 1704 fe·

299 1737 461 1799 runt,
507 1719 802 1784 fundator
830 1719 1094 1803 ejusdem
1123 1723 1268 1787 olim
1303 1729 1608 1788 extiterat.
2236 1747 2245 1756 ·
2324 1745 2355 1756 ··

385 1809 755 1876 Deliberavit
783 1809 949 1936 apud
977 1807 1034 1884 se
1063 1813 1324 1896 qualiter.
1346 1813 1547 1879 locum
1579 1812 2028 1903 memorabilem
2054 1808 2295 1876 faceret.

729 1979 738 1984 -
1109 1939 1211 1998 Ex
1239 1939 1426 2019 cap⁰ae
1451 1948 1543 2023 ς’.

695 2037 788 2085 Cre

387 2101 642 2166 Acceffit
671 2104 1093 2175 memorium,
1139 2099 1306 2163 urbis
1333 2101 1692 2186 Legionum
1734 2057 2233 2186 archiepiscopus,
2280 2101 2363 2166 ad
2434 2113 2443 2124 “

297 2209 524 2274 regem,
557 2193 618 2252 &
645 2192 750 2265 ait,
785 2199 826 2228 ‘⁴
857 2192 920 2254 Si
941 2185 1170 2271 uspiam
1187 2188 1270 2250 est
1294 2189 1403 2270 qui
1425 2208 1791 2274 praeceptum
1816 2189 2061 2275 aggredi
2089 2189 2361 2264 valuerit,

305 2278 675 2340 “Merlinus
694 2283 860 2341 vates
878 2277 1226 2359 Vortegirni
1250 2279 1659 2381 aggredietur..
1724 2281 1973 2382 Qippe
1994 2299 2116 2341 non
2136 2277 2363 2340 aestimo
2421 2305 2485 2342 .;.
2544 2305 2555 2312 ·

307 2371 351 2402 “
379 2365 653 2429 alterum
660 2364 814 2428 effe
792 2385 861 2428 m
885 2383 1076 2467 regno
1095 2379 1204 2429 tuo
1223 2385 1322 2426 cur
1343 2364 1418 2428 fit
1445 2367 1698 2429 clarius
1683 2367 2011 2451 ingenium,
2040 2365 2192 2431 five‘
2176 2387 2241 2430 m
2258 2364 2361 2428 fu-

305 2459 350 2489 “
381 2456 532 2517 turis
555 2453 844 2530 dicendis,
869 2452 1022 2516 five
1005 2473 1068 2515 ιιι
1085 2454 1535 2535 operationibus
1557 2455 1987 2520 machinandis,
2045 2454 2205 2532 Jube
2221 2475 2364 2519 eum

306 2547 350 2577 ‘⁸
377 2544 608 2617 venire,
609 2547 808 2625 atq‘ue·
812 2542 1057 2625 ingenio
1074 2535 1182 2602 suo
1199 2542 1309 2616 uti,
1327 2556 1396 2604 ut
1413 2562 1568 2625 opus
1581 2540 1779 2626 quod·
1768 2540 2009 2605 affectas
2028 2540 2321 2607 masten?

389 2632 537 2715 Qi,
588 2632 916 2715 peragratis
944 2628 1283 2715 provinciis,
1313 2631 1378 2693 in
1404 2631 1649 2695 natione
1675 2629 2076 2695 Gewifforum
2098 2649 2240 2695 eum
2269 2631 2362 2696 in·

559 2763 568 2773 =
1158 2740 1196 2789 h

303 2824 610 2872 venerunt
633 2810 711 2874 ad
740 2807 1006 2887 fontem
995 2808 1264 2937 Galaes,
1301 2826 1483 2894 quem
1507 2805 1703 2931 fuerat
1742 2806 1951 2873 solitus
1986 2806 2399 2939 frequentare·

525 2916 767 2975 Lelandus
825 2962 830 2967 .

188 3004 198 3013 ’
304 2984 422 3047 ὅτε.
483 2981 796 3049 Fabulosa
823 2981 947 3048 fere
975 2985 1178 3047 omnia
1207 2982 1283 3047 de
1315 2983 1610 3067 lapidibus
1637 3004 1729 3047 ex
1744 2920 2031 3047 Hibernia
2058 2930 2363 3051 adduciis.

302 3074 466 3135 Nam
497 3074 756 3149 nemini,
795 3072 916 3137 vel
963 3072 1366 3137 mediocriter
1388 3072 1696 3153 prudenti,
1759 3075 1875 3136 hoc
1924 3074 2201 3156 ignotum
2251 3074 2365 3136 effe

304 3159 510 3234 debet,
559 3144 882 3225 Mei-linum
908 3157 1048 3223 saxa
1091 3159 1246 3226 illa
1227 3161 1514 3244 ingentia,
1561 3162 1620 3222 &
1649 3158 1849 3224 nostra
1888 3170 2082 3235 aetate,
2126 3164 2236 3245 qui
2280 3160 2367 3225 est

303 3248 679 3331 ingeniorum
712 3263 942 3332 torpor,
963 3252 1112 3310 ‘non
1137 3247 1457 3321 movenda,
1501 3248 1588 3312 de.
1603 3248 1805 3332 aliqua
1820 3248 2366 3324 ,uicina-'lathomim

199 3330 204 3335 ’
303 3337 462 3399 miro
487 3334 766 3403 artificio·
787 3334 1164 3399 &Dedaieis
1201 3336 1492 3419 ‘macipinis
1521 3335 2221 3411 transtuliffeinzlocum,
2260 3337 2370 3399 ubi

305 3443 491 3500 nunc,
525 3444 650 3486 non
681 3424 802 3487 fine
823 3423 1228 3499 admiratione,
1263 3425 1298 3485 a
1318 3424 1650 3489 viatoribus
1673 3421 2141 3507 conspiciuntur.
2205 3423 2369 3487 Iliu'd

301 3526 465 3575 certe
511 3508 690 3595 supra
733 3512 1034 3595 ingenium
1082 3515 1202 3575 Ro:
1253 3510 1456 3575 fuiffet
1485 3528 1703 3575 tantas
1734 3513 1921 3575 moles
1963 3531 2042 3575 ex
2086 3511 2373 3575 Hibernia

305 3598 723 3663 Ambmfiam
731 3598 1044 3675 tranferre,
1087 3618 1230 3663 cum
1253 3600 1430 3663 littus
1443 3604 1705 3665 Avoniae
1748 3600 2093 3685 proximum
2128 3599 2214 3663 ab
2251 3600 2371 3666 hoe

305 3686 444 3751 loco
471 3687 688 3771 viginti
715 3684 842 3749 fere
870 3686 1140 3769 passuum
1170 3689 1434 3751 millibus
1461 3688 1637 3753 abfit.

923 3793 1022 3856 Ex
1053 3798 1209 3876 cap0.
1247 3805 1340 3879 50.
1393 3736 1769 3863 Le'i'andus..
1846 3754 1853 3761 ·

393 3882 680 3960 Mai-xima
693 3895 812 3961 fuit
843 3894 1100 3983 pompa,
1130 3918 1250 3983 qua
1273 3886 1437 3963 ufins
1443 3890 1528 3964 est
1553 3898 1932 3977 AmbrofiuS,
1966 3901 2033 3963 in
2044 3898 2175 3965 hoc
2204 3900 2369 3983 prin-

305 3986 514 4069 cipum
542 3984 771 4049 funere.
2022 4026 2029 4031 ·

299 4078 308 4085 ‘
397 4074 716 4135 Evacuatae
753 4084 924 4140 erant
968 4074 1104 4137 duae
1143 4014 1618 4161 metropolitanae
1662 4074 1847 4152 sedes,
1896 4022 2153 4141 Eboraci
2202 4076 2368 4141 vide·
2392 4078 2622 4143 sampson
2650 4078 2702 4127 ἃ

309 4159 454 4222 licet
479 4174 663 4243 atque
693 4164 869 4227 urbis
895 4166 1262 4247 Legionumj
1284 4167 1340 4226 ἐ
1368 4166 1700 4248 pastoribus
1730 4162 1868 4228 suis·
2262 4190 2269 4199 ·
2393 4145 2703 4259 gffiiiicxixugr

397 4248 708 4313 Conceffit
719 4253 1068 4319 Eboracum
1101 4250 1426 4334 Sampsoni,
1473 4254 1683 4319 i¹lustri
1712 4256 1860 4330 viro,
1904 4251 2253 4339 summaque
2281 4276 2371 4317 re·
2395 4274 2658 4340 chiepisco-

308 4334 534 4428 ligione
559 4332 806 4435 famoso,
850 4341 1064 4408 urbem
1095 4360 1236 4406 vero
1263 4343 1622 4427 Legionum-
1617 4342 1947 4410 -Dubrici0.
2100 4380 2107 4387 ·
2394 4356 2495 4458 ἓξ
2496 4342 2707 4391 Ambro-

448 4474 458 4479 -
631 4469 643 4479 ,
2090 4430 2377 4517 Praecepit
