3414 4866
510 64 642 130 166
1147 71 1761 150 JoANle
1862 80 2511 169 LELANDI

879 197 1204 286 Eadburga
1231 222 1453 268 novam
1499 207 1807 273 ecclesiam
1852 212 1915 274 ἃ
1938 213 2366 284 monasterium
2412 220 2587 304 apud·
2608 223 2871 310 Limege

793 289 859 351 in
885 291 1143 375 gratiam
1175 289 1529 357 Mildruthae
1556 293 1912 376 construxit,
1946 301 2009 364 in
2030 323 2158 385 quo
2184 307 2245 368 ἃ
2271 310 2464 392 neptis
2491 305 2633 388 suae,
2662 311 2867 376 beatae

791 376 1067 440 videlicet
1095 377 1473 458 Milthrudae‚
1521 379 1760 456 sacrata:
1798 387 2063 474 virginiS,
2110 391 2383 464 decenter
2420 398 2720 462 exanimes
2762 420 2867 466 re-

791 463 1073 529 conderet
1103 481 1286 530 artus,

879 553 1042 616 Olim
1071 575 1438 638 paganorum
1470 555 1675 621 infesta
1701 555 1909 626 saevitia
1940 579 2127 630 totam
2159 567 2348 634 ferme
2379 574 2679 651 Cantiam,
2725 575 2865 642 exi-

793 641 1070 723 gentibus
1122 645 1491 725 populorum
1543 652 1820 728 peccatis,
1882 655 2169 738 populata
2216 657 2321 735 est,
2366 676 2620 744 excepto
2668 661 2861 744 hujus

789 726 1007 792 sanftae
1053 728 1404 813 praescriptae
1433 735 1677 817 virginis
1707 735 1865 814 loce,
1914 762 2095 823 quem
2138 745 2286 810 deu‘s
2314 744 2531 828 sponsae
2580 743 2697 812 suae
2724 772 2856 814 me-

789 817 919 880 ritis
949 817 1028 880 ab
1055 819 1219 880 omni
1246 815 1574 889 furentium
1606 821 1977 890 infestatione
2010 831 2247 909 tutavit,
2296 833 2614 922 quousque
2643 859 2857 904 omnes

791 903 1148 968 Limbiensis
1199 907 1454 973 ecclesiae
1509 909 1729 990 clerici,
1796 934 2153 1000 congregata
2216 919 2459 986 suorum
2517 925 2851 1012 phalange,

791 991 992 1074 egressi
1043 989 1197 1070 sunt,
1245 995 1409 1058 ultro
1454 993 1512 1058 se
1566 1001 1806 1084 paganis
1851 1003 2215 1090 objicientes,
2266 1011 2631 1096 viriliterque
2669 1013 2865 1098 egisse

789 1081 1122 1162 cupientes,
1169 1096 1241 1144 ut
1269 1083 1646 1165 postmodum
1678 1090 1765 1150 rei
1790 1091 2067 1170 probavit
2094 1112 2360 1160 eventus·
2449 1103 2847 1164 Occurrentes

788 1187 936 1252 ergo
963 1167 1240 1232 hostibus·
1264 1171 1455 1234 valida
1483 1193 1691 1251 manu,
1740 1197 2111 1259 peremerunt
2138 1203 2219 1269 ex·
2244 1185 2327 1248 eis
2358 1185 2519 1249 mille
2552 1189 2845 1253 ducentos

787 1255 1210 1339 quadraginta,
1255 1255 1352 1321 sed
1395 1262 1450 1321 8c
1484 1261 1588 1343 ipsi
1616 1285 1823 1328 omnes
1854 1268 2194 1356 interempti
2222 1273 2543 1355 perierunt,
2586 1293 2843 1360 excepto

786 1343 1064 1426 praedicti
1093 1345 1211 1409 loci
1239 1347 1600 1431 presbytero.

1467 1479 1569 1536 Ex
1599 1477 1737 1540 vita
1766 1479 1831 1538 S.
1865 1476 2157 1559 Botulphi.

831 1553 842 1558 -
875 1579 1075 1642 Saneti
1094 1579 1305 1644 fratres
1329 1580 1592 1645 Adulfus
1615 1586 1676 1647 &
1699 1583 1981 1649 Botulfus
2007 1587 2305 1652 nobilibus
2327 1593 2447 1656 orti
2471 1547 2791 1664 natalsbus.

869 1665 1135 1731 Profeffi
1162 1666 1295 1733 sunt
1334 1671 1396 1732 in
1425 1673 1803 1736 Germaniam
1832 1673 2109 1738 studendi
2136 1677 2351 1760 gratia.
2627 1720 2633 1726 -

587 1753 642 1817 Ἦ
871 1754 1200 1838 Adulphus
1228 1755 1422 1820 fastus
1453 1757 1761 1842 episcopus
1792 1762 2213 1840 Trajectenfis.
2586 1807 2593 1814 ·

871 1841 1153 1905 Botulfus
1201 1845 1453 1908 domum
1492 1844 1751 1914 reversus
1793 1851 1963 1932 petiit
2002 1851 2080 1914 ab
2118 1850 2528 1916 Ethelmundo
2562 1872 2701 1939 rege
2738 1853 2835 1922 lo-

782 1947 921 1993 cum
953 1929 1270 1995 condendo
1299 1933 1651 1999 monasterio
1684 1952 1913 2020 aptum.

870 2017 1150 2082 Tandem
1181 2023 1407 2084 Ikanno
1436 2023 1678 2104 placuit,
1726 2023 1786 2086 δι
1812 2026 1978 2088 locus
2005 2026 2060 2088 ei
2088 2025 2261 2092 datus
2288 2025 2396 2092 est.

869 2105 1160 2190 Sepultus
1189 2104 1305 2169 fuit
1332 2107 1367 2170 ὲ
1393 2107 1676 2176 fratribus
1702 2107 1821 2174 suis
1850 2115 1914 2176 in
1944 2117 2173 2178 Ikanno
2210 2135 2236 2180 1
2248 2133 2308 2200 ς.
2340 2115 2471 2180 Cal.
2498 2115 2629 2197 Jul.

1537 2233 1640 2296 Ex
1667 2231 1873 2297 Odonis
1902 2237 2061 2299 vita.
2150 2271 2160 2279 ·

822 2349 827 2354 ·
865 2327 1248 2392 Francorum·
1263 2329 1530 2415 prosapia
1557 2333 1757 2396 extitit
1786 2336 2100 2397 oriundus.

799 2479 810 2493 ,
871 2412 1028 2480 Usus
1057 2416 1141 2480 est
1169 2417 1402 2483 Parifiis
1439 2435 1808 2504 praeceptore
1834 2421 2135 2507 Remigio.

869 2507 1151 2569 Tandem
1179 2504 1379 2587 faetus,
1406 2523 1532 2570 erat
1561 2509 1745 2571 abbas
1772 2510 2199 2575 Cluniacenfis.

625 2596 678 2668 q
865 2593 1125 2677 Redegit
1155 2595 1400 2655 moralia
1428 2598 1706 2679 Gregorii
1740 2598 1802 2660 in
1831 2598 2277 2682 compendium.

450 2674 692 2724 otbemus
866 2682 1239 2764 Excerptum
1283 2680 1542 2764 epistolae
1587 2684 1820 2750 domini
1863 2686 2119 2749 Osberni
2164 2686 2409 2773 Prioris-
2429 2688 2489 2749 in
2536 2690 2715 2751 vitam
2758 2691 2825 2754 S.

444 2739 754 2855 ἵζξᾞξςω·
777 2764 1088 2831 Edouardi
1119 2765 1304 2831 Conf:
1337 2770 1413 2831 ad
1441 2771 1790 2835 Albericum
1826 2771 2443 2857 legatum-iunocentii
2474 2774 2692 2860 pontif:

446 2869 666 2935 stfiptor.
863 2858 1006 2919 Vita
1034 2856 1093 2920 &
1117 2858 1403 2919 miracula
1434 2861 1494 2920 S.
1523 2858 1831 2924 Edouardi
1879 2858 2060 2925 Conf:
2092 2862 2433 2927 abbreviata
2458 2882 2538 2927 ex
2565 2864 2839 2929 trastatu,

777 2942 1006 3006 domini
1034 2943 1284 3006 Oiberni
1318 2946 1560 3010 PrioriS.

477 3046 592 3117 Pag.
621 3066 731 3112 154·
813 3056 914 3115 Ex
931 3054 1069 3117 vita
1085 3054 1450 3140 Withburgae,
1460 3057 1616 3141 filiae
1630 3062 1829 3135 Anna,
1851 3061 2010 3146 regis
2028 3056 2414 3124 Orientalium
2438 3060 2779 3145 Anglorum.

861 3151 967 3215 Est
995 3155 1057 3218 in
1089 3157 1382 3237 provincia
1407 3157 1731 3223 Nordfolca
1758 3160 1915 3235 villa,
1944 3180 2083 3243 qnae
2112 3160 2335 3235 dicitur
2362 3161 2681 3240 Dereham‚
2716 3164 2827 3227 ubi

774 3239 933 3325 sylva
962 3244 1022 3304 &
1051 3242 1160 3305 flu:
1193 3242 1306 3305 loci
1337 3245 1758 3310 habitationem
1789 3247 1929 3309 fecit
1954 3247 2242 3331 apricam.
2806 3254 2811 3263 '

858 3332 976 3394 Hic
1003 3330 1412 3395 monasterium
1441 3334 1690 3396 condere
1726 3334 2047 3418 satagebat.

439 3408 531 3475 [W
532 3412 601 3461 it·
855 3434 884 3465 α
922 3419 1219 3500 Sepelitur
1247 3420 1311 3481 in
1338 3424 1672 3483 coemiterio
1699 3423 1961 3486 ecclefiae
1991 3420 2420 3488 Dirhamenfis.

439 3478 629 3545 burga]
854 3504 1018 3568 Illud
1065 3506 1348 3589 virginale
1387 3507 1803 3571 monasterium
1838 3513 1907 3574 in
1950 3512 2219 3574 Derham
2262 3512 2594 3595 irruptione
2638 3532 2815 3597 paga·

761 3613 1000 3667 norum,
1047 3611 1116 3655 ac
1161 3594 1500 3675 tempestate
1528 3594 1842 3672 bellorum,
1886 3594 2101 3682 fugato
2138 3599 2331 3662 choro
2358 3595 2649 3663 sacrarum
2698 3606 2816 3665 vir-

760 3681 974 3763 ginum
1002 3680 1065 3740 in
1086 3676 1112 3725 ὃ
1132 3680 1472 3763 vulgarem''
1501 3684 1861 3764 parochiam,
1906 3682 1991 3747 est
2026 3683 2395 3751 destitutum.
2854 3684 2859 3693 ’

940 3769 1028 3829 Ut
1057 3766 1442 3844 Edewoldus,
1489 3768 1797 3854 episcopus
1826 3774 2153 3851 VentanuS‚
2200 3775 2495 3839 curaverit
2522 3775 2723 3841 With-

931 3852 1146 3937 burgae
1172 3875 1391 3938 corpus
1415 3854 1888 3922 transferendum
1914 3861 1993 3923 ad
2018 3862 2436 3927 monasterium
2470 3862 2721 3928 Eliense.

842 3944 1007 4004 Inter
1052 3942 1165 4003 alia
1207 3964 1353 4005 vero
1383 3944 1694 4025 magnifica
1736 3950 2072 4030 expetitum
2115 3950 2151 4013 ὲ
2188 3970 2327 4035 rege
2376 3950 2644 4035 AEdgaro
2681 3972 2809 4015 mo-

750 4026 1070 4097 misterium
1097 4030 1414 4106 Dereham,
1461 4050 1601 4095 cum
1653 4036 2056 4119 pretiofiffimo
2102 4034 2384 4100 thesauro
2422 4034 2555 4117 sue,
2602 4040 2805 4103 With·

1281 4206 1340 4259 ..r
1355 4184 1578 4273 sepimus
1610 4205 1741 4261 MS,
1870 4209 1897 4265 ι,
1931 4210 2151 4271 ,amittunt
2173 4206 2264 4259 alii.

2608 4274 2809 4359 burga
