3414 4866
609 45 618 54 ⁵
721 91 1434 182 An‘rtQJARn
1485 91 2388 185 cottiae-raum.
2736 91 2883 184 mg

613 215 1004 284 Constantius
1041 210 1162 284 '16.
1209 218 1448 302 imperii
1485 235 1666 294 anno,
1722 213 1973 284 summae
2014 215 2483 286 mansuetudinis
2529 217 2597 282 δε

411 291 420 301 ’
531 305 834 375 civilitatis
863 310 974 383 vir,
1018 308 1082 370 in
1111 305 1418 370 Britannia
1456 305 1618 369 diem
1645 305 1801 370 obiit
1830 308 2107 372 Eboraci.

622 393 932 460 Maximus
979 395 1096 476 (vir
1123 396 1372 478 quidem
1413 391 1690 458 ‘strenuus
1718 395 1784 460 &
1810 395 2059 478 probus,
2104 412 2284 477 atque
2313 394 2594 478 Augusto

533 481 600 546 di
643 503 778 559 nna,
821 481 958 559 nisi,
1003 501 1212 546 contra
1238 479 1587 547 sacramenti
1609 481 1816 557 fidem,
1864 502 1971 568 per
1997 483 2371 564 tyrannidem
2400 503 2592 546 emer·

511 504 688 636 ‚fiffiet
730 575 794 634 in
825 572 1222 650 Britanniam)
1271 570 1494 634 invitus
1527 569 1969 654 propemodum
2004 573 2081 634 ab
2106 575 2373 642 exercitu
2405 574 2593 653 impe-

531 675 698 724 rator
726 675 961 724 creatus
989 659 1050 720 in
1081 657 1344 722 Galliam
1373 657 1616 733 transsit,
1663 660 1869 740 ibique
1890 660 2270 732 Gratianum,
2300 657 2457 722 dolis
2478 661 2593 722 cir-

533 763 948 821 cumventum,
975 747 1139 829 apud
1172 745 1548 830 Lugdunum
1569 745 1811 824 occidit,
1839 744 2202 830 fratremque
2222 748 2349 828 eius
2374 746 2593 810 Valen-

535 834 829 900 tinianum
855 832 1028 898 Italia
1054 833 1306 918 expulit.

1351 938 1426 1003 In
1464 936 1767 1022 nmdofio.

619 1042 753 1128 Qui
787 1057 820 1088 0
853 1040 1137 1126 quoniam
1169 1040 1538 1104 Britanniam
1568 1043 1737 1102 omni
1782 1059 1929 1122 pene
1956 1033 2182 1102 armata
2222 1038 2248 1088 b
2274 1043 2594 1123 juventute

533 1127 908 1214 spoliaverat,
929 1147 1070 1214 quae
1087 1129 1420 1212 tyrannidis
1441 1129 1571 1208 ejus
1591 1127 1834 1210 vestigia
1855 1125 2051 1190 secuta
2076 1130 2135 1190 in
2154 1129 2401 1204 Gallias,
2434 1149 2589 1192 nun·

535 1238 727 1304 quarn
771 1218 930 1280 ultra
979 1215 1227 1280 domum
1268 1217 1517 1280 rediere.
1608 1215 1895 1278 Videntes
1936 1210 2339 1288 transmarinae
2387 1233 2595 1299 gentes

534 1305 740 1369 saeviff:
776 1308 1091 1369 Scotorum
1117 1305 1156 1367 a
1185 1305 1406 1379 Circi0,
1455 1301 1761 1367 Pistor‘um
1790 1304 1866 1365 ab
1892 1303 2211 1384 Aquilone,
2250 1302 2591 1367 destitutam

533 1393 728 1457 milite
755 1411 822 1454 ac
857 1389 1159 1456 defensore
1187 1389 1442 1455 insulam
1470 1392 1817 1466 adveniunt,
1866 1391 1928 1451 &
1954 1389 2245 1472 vastatam·
2262 1392 2590 1475 direptam-

533 1501 660 1586 qule
687 1481 816 1544 eam
843 1477 1073 1544 'multos
1101 1499 1208 1564 per
1236 1499 1422 1542 annos
1462 1483 1835 1562 opprimunt.
2428 1469 2438 1476 ’

725 1607 730 1614 ·
1263 1585 1572 1665 Tempore
1600 1581 1867 1645 Arcadii.
2530 1599 2541 1608 ·

620 1669 894 1756 Pelagius
919 1671 1094 1736 Brito
1119 1669 1218 1734 dei
1253 1673 1512 1755 gratiam
1537 1670 1879 1754 impugnat.
2560 1659 2569 1668 ’
2608 1681 2708 1754 aa·

869 1773 1183 1858 Tempore
1209 1773 1464 1836 Honorii
1507 1773 1566 1834 8c
1601 1769 1937 1836 Theodosii
1976 1767 2251 1836 Minoris,
2536 1833 2569 1844 ,,

618 1859 908 1936 Britanni,
960 1863 1302 1924 Scottorum
1353 1858 1788 1942 Pietorumque
1843 1855 2273 1922 infestationem
2326 1879 2447 1921 non
2498 1853 2587 1922 fe·

527 1965 754 2026 rentes,
797 1949 920 2012 Ro.
951 1949 1222 2024 mittunt,
1255 1949 1336 2023 sc,
1368 1942 1470 2032 sui,¹
1497 1943 1862 2028 subjectione
1902 1947 2193 2028 promissa,
2242 1963 2450 2009 contra
2480 1946 2591 2016 ho·

533 2036 686 2100 stem
713 2036 936 2100 auxilia
960 2033 1255 2120 flagitant,
1303 2035 1525 2118 quibus
1551 2031 1747 2099 statim
1776 2033 1938 2097 missa
1966 2033 2123 2116 legio
2152 2053 2425 2118 magnam
2452 2035 2590 2100 bar-

535 2125 820 2190 barorum
850 2125 1303 2187 multitudinem
1334 2119 1553 2196 sternit,
1600 2138 1825 2185 ceteros
1863 2121 2181 2184 Britanniae
2211 2119 2431 2184 finibus
2464 2118 2589 2202 pel-

521 2211 633 2288 iit,
678 2229 752 2276 ac
777 2211 1037 2278 domum
1080 2209 1378 2274 reversura
1413 2214 1688 2300 praecepit
1733 2208 1902 2272 sociis
1946 2208 2019 2270 ad
2066 2211 2347 2272 arcendos
2394 2207 2591 2277 h'osses

531 2315 780 2362 murum
827 2313 984 2362 trans
1014 2295 1261 2362 insulam
1309 2295 1468 2362 inter
1513 2299 1637 2361 duo
1667 2301 1847 2360 maria
1889 2296 2164 2370 statuere,
2211 2299 2317 2378 qui
2367 2293 2591 2380 absque

519 2385 766 2451 ‘artifice
791 2383 1068 2471 magistro
1095 2389 1287 2472 magis
1315 2382 1526 2472 cespite
1553 2405 1735 2470 quam
1763 2384 1961 2468 lapide
2000 2383 2192 2447 fastus
2222 2385 2306 2449 nil
2341 2406 2592 2469 operan-
2716 2446 2727 2455 ,

529 2474 700 2539 tibus
723 2470 971 2557 'profuit-
1059 2478 1224 2539 Nam
1249 2494 1391 2541 mox
1425 2492 1493 2538 ut
1523 2473 1819 2537 discessere
1848 2474 2123 2551 Romani,
2171 2471 2457 2537 adveflus
2484 2496 2587 2535 na·
2633 2494 2751 2565 Pssg·
2780 2492 2891 2563 ,Α

523 2560 714 2627 vibus
737 2564 902 2647 prior
927 2560 1128 2639 hostis,
1175 2562 1342 2649 quafi
1372 2578 1682 2626 maturam
1700 2559 1955 2645 segetem
1984 2564 2161 2623 obvia
2189 2580 2453 2645 quaeque·
2477 2560 2593 2625 fibi
2674 2629 2682 2641 ‚

533 2650 736 2727 eaedit,
781 2652 990 2726 calcat,
1039 2652 1304 2715 devorat.
1393 2654 1620 2713 Iterum
1653 2652 1823 2732 petiti
1854 2648 2074 2711 auxilia
2102 2648 2365 2713 Rotnani
2406 2647 2594 2713 advo·
2638 2646 2657 2661 κ

527 2738 685 2813 lant,
733 2740 795 2803 81
821 2736 1036 2802 caesum
1059 2736 1294 2803 hostem
1322 2754 1476 2801 trans
1507 2730 1690 2800 maria
1718 2736 1951 2821 fugant,
1998 2735 2338 2817 conjunctis
2375 2758 2449 2799 ue
2479 2736 2593 2800 fibi

535 2826 832 2889 Britannis
865 2846 1128 2903 murum,
1176 2848 1297 2890 non
1322 2842 1476 2890 terra
1501 2842 1574 2887 ut
1603 2843 1741 2890 ante
1782 2827 2152 2907 pulvereum,
2201 2822 2299 2887 sed
2353 2846 2469 2888 axo
2504 2821 2595 2887 so-

535 2911 730 2977 lidum
759 2916 908 2977 inter
936 2916 1222 2987 civitates,
1269 2934 1407 2998 quae
1435 2914 1663 2976 ibidem
1685 2914 1768 2976 ob
1802 2912 2061 2975 hostium
2089 2926 2320 2975 metum
2350 2910 2596 2977 fuerant

533 3000 734 3077 faetae,
781 2998 818 3061 ὲ
862 3003 1011 3064 mari
1054 3000 1241 3087 usque
1281 3004 1358 3067 ad
1399 3021 1556 3063 mare
1600 3001 1918 3066 colloca-nt.
2009 3000 2129 3062 Sed
2173 3000 2234 3062 ἃ
2277 3001 2338 3062 in
2389 3002 2594 3063 littore

537 3088 870 3153 meridiano
911 3089 1109 3165 maris,
1157 3093 1301 3173 quia
1345 3090 1402 3152 &
1439 3089 1583 3152 inde
1622 3086 1805 3151 hostis
1850 3088 2193 3162 timebatur,
2244 3104 2437 3151 turres
2482 3110 2592 3171 per

447 3180 462 3199 ⁴
523 3176 846 3239 intervalla
873 3176 949 3239 ad
983 3173 1360 3260 prospectum
1405 3179 1580 3239 maris
1607 3170 1900 3241 statuunt.
1993 3178 2090 3239 Sic
2124 3177 2465 3240 valedicunt
2497 3174 2590 3240 so-

533 3265 663 3341 ciiS,
711 3281 998 3347 tanquam
1029 3267 1185 3327 ultra
1225 3286 1345 3328 non
1376 3262 1684 3328 reversuri.

549 3418 554 3425 ,
623 3352 726 3415 Ad
771 3354 1032 3427 Scotum,
1077 3354 1139 3417 in
1171 3348 1482 3416 Christum
1519 3350 1843 3427 credenteS‚
1888 3350 2197 3415 ordinatus
2226 3352 2261 3415 ὲ
2288 3352 2451 3435 Papa
2481 3354 2595 3417 Ce-

533 3434 745 3503 lestino
773 3438 1071 3503 Palladius
1105 3442 1331 3523 primus
1360 3437 1664 3523 episcopus
1695 3440 1979 3503 mittitur.

625 3531 810 3593 Anno
841 3526 1176 3592 Theodosii
1201 3528 1437 3602 octavo,
1485 3527 1786 3591 recedente
1815 3524 1849 3587 a
1878 3528 2105 3588 Britan:
2145 3526 2266 3589 Roz
2302 3528 2594 3602 exercitu,

537 3614 782 3702 cognita
835 3618 998 3679 Scoti
1040 3613 1099 3678 &
1146 3616 1303 3679 Picti
1348 3612 1576 3677 reditus
1606 3616 2020 3698 denegatione,
2067 3613 2319 3676 redeunt
2361 3613 2488 3697 ipfi,
2536 3612 2598 3677 8c

517 3718 734 3787 ‚totam
761 3704 842 3767 ab
869 3700 1169 3787 Aquilone
1198 3698 1447 3766 insulam
1495 3725 1612 3787 pro
1654 3702 1951 3786 indigenis
1994 3721 2171 3765 muro
2198 3717 2372 3763 tenus
2400 3701 2597 3785 capes-

535 3786 699 3869 sunt.
786 3792 916 3855 Nec
945 3810 1135 3865 mora,
1182 3788 1365 3866 caesss,
1411 3795 1619 3874 captia,
1666 3788 1889 3875 fugatis
1929 3788 2279 3853 custodibus
2311 3792 2487 3865 muri,
2535 3793 2598 3855 81

523 3876 668 3963 ipso
706 3881 1046 3961 interrupto
1084 3887 1110 3924 δ
1136 3877 1306 3959 jam“
1357 3880 1512 3941 intra
1558 3872 1736 3959 illum
1764 3877 2021 3963 crudelis
2051 3880 2256 3960 praedo
2282 3878 2598 3962 grassatur.

535 3966 809 4031 Mittitur
835 3965 1100 4051 epistola,
1147 3964 1464 4049 lachrymis
1511 3964 1911 4053 aerumnisque
1938 3962 2173 4045 referta,
2217 3965 2293 4029 ad
2327 3968 2447 4029 Ro:
2486 3986 2600 4049 po·

601 4130 635 4166 u
667 4115 728 4166 Id
745 4115 830 4180 est,
862 4116 1117 4193 Maximus
1147 4122 1401 4193 tyn-annua.
1415 4179 1427 4192 .
1475 4111 1501 4162 h
1535 4094 1816 4191 Jurentute,
1848 4112 2087 4191 qupiisque
2117 4110 2403 4165 militaribus
2430 4112 2605 4178 spolia-

539 4190 692 4245 verat,
725 4196 834 4247 quae
853 4174 1120 4249 tyrannidis
1141 4194 1243 4249 qut
1262 4178 1462 4249 vestigia
1479 4175 1646 4236 secutae
1667 4194 1722 4229 m
1747 4176 1951 4241 Gallias,
1975 4180 2080 4233 <rc-
2102 4178 2165 4231 al.
2232 4195 2255 4231 c
2286 4178 2449 4232 Etiam
2472 4180 2537 4231 al.

625 4276 834 4367 stou.
860 4277 948 4349 11.
1652 4275 1715 4343 X
2380 4274 2607 4343 testatis
