3414 4866
694 200 1397 285 ANTIQUARII
1485 198 2380 268 COLLECTAN·EA;'
2509 236 2512 239 ⁴
2729 208 2858 289 197t

724 323 1163 401 Northumbria
1206 321 1243 383 ὲ
1266 321 1571 399 Gulielmo
1598 343 1738 407 rege
1783 338 1908 389 tota
1951 324 2338 408 depopulata.

549 470 557 475 .
1582 428 1633 477 &

594 500 887 562 Omnibus
916 498 1199 561 extinc'tis
1226 495 1321 558 vel
1360 494 1562 583 gladio
1592 496 1685 559 vel
1715 494 1894 571 fame,
1942 498 2034 561 vel
2070 514 2310 580 propter
2339 495 2560 563 famem

500 582 823 667 paternum
853 584 1046 649 solum
1072 585 1563 667 relinquentibus,
1655 589 1766 660 Ita,
1818 599 1972 647 terra
2002 586 2230 648 cultore
2258 585 2558 661 destituta,

498 674 627 735 lata
673 675 900 758 ubique
929 672 1191 736 solitudo
1236 672 1475 755 patebat
1514 693 1620 754 per
1656 692 1868 735 novem
1901 693 2108 737 anuos,
2200 676 2361 736 Inter
2393 676 2557 736 Ebo-

492 778 708 825 racum
736 762 793 825 &
822 762 1194 824 Dunelmum
1224 756 1509 842 nusquam
1534 759 1674 821 villa
1695 758 2046 836 inhabitata,
2079 759 2401 825 bestiarum
2427 778 2557 823 tan·-

502 861 645 911 rum
691 852 750 912 &
793 849 1091 911 latronum
1123 848 1373 911 latibula
1407 869 1634 931 magno
1672 850 2085 910 itinerantibus
2127 846 2293 910 fuere
2335 844 2556 912 timori.

498 939 663 999 Cum
696 939 827 999 haec
858 937 1113 999 Eboraci
1148 936 1611 1019 circumquaque
1639 955 1840 1019 ageret
1869 956 1996 1011 rex,
2045 938 2390 1021 Egelwinus
2422 940 2558 1001 Du·
2619 994 2627 1001 .

496 1024 814 1087 nelmenfis
858 1018 1182 1107 episcopuS,
1230 1022 1286 1085 ὅε
1314 1024 1630 1106 optimates
1673 1023 1900 1106 populi,
1951 1026 2224 1086 timentes
2272 1045 2366 1099 ne,
2417 1045 2555 1107 pro·

500 1129 639 1195 pter
691 1110 1042 1175 occisionem
1095 1112 1329 1173 comitis
1382 1112 1693 1186 Dunelmi,
1747 1112 1807 1173 8t
1855 1113 2340 1174 Normannorum
2387 1112 2556 1193 apud

502 1203 867 1276 Eboracum,
913 1199 1145 1283 gladius
1174 1200 1329 1283 regis
1360 1198 1707 1265 innocentes
1735 1219 1927 1281 aeque,
1976 1214 2044 1261 ut
2077 1215 2373 1275 nocentes,
2422 1199 2553 1282 pari
2601 1210 2716 1277 Pag.
2744 1228 2857 1273 ιη.

496 1288 671 1351 clade
719 1288 1059 1362 involveret,
1114 1287 1378 1349 unanimi
1429 1284 1677 1349 consilio
1725 1286 1838 1347 tol·
2083 1288 2088 1293 '

498 1376 690 1439 lentes
750 1371 983 1438 sacrum
1051 1376 1111 1437 St
1183 1373 1605 1457 incorruptum
1676 1372 1836 1437 beati
1933 1384 1940 1389 '
1997 1373 2562 1459 Cuthberticorpus
2587 1376 2887 1451 insacrum

500 1463 825 1535 Cuthber'ti
882 1481 1130 1545 corpuS,
1202 1460 1411 1544 fugam
1486 1462 1697 1523 ineunt
1753 1461 1834 1523 iii.
1927 1455 2174 1543 insulam
2210 1462 2481 1528 relatum.
2878 1508 2886 1515 -

499 1548 922 1613 Idz-D'eccmb:
960 1548 1107 1613 feria
1138 1550 1231 1613 6³.
1290 1550 1553 1613 Primam
1587 1546 1840 1610 mansio·
2015 1548 2260 1631 Tughal
2297 1566 2358 1632 3.
2409 1548 2584 1633 supra
2609 1553 2888 1624 Alnewik

499 1660 639 1701 nem
690 1640 1026 1701 habuerunt
1068 1635 1131 1700 in
1162 1638 1380 1710 Girwi,
1428 1633 1740 1699 secundam
1773 1638 1838 1697 in
1925 1635 2254 1699 miliaribus
2320 1638 2399 1701 ad
2469 1636 2560 1705 D.'
2611 1642 2884 1713 Percium

504 1726 962 1810 Bethlingtune,
1041 1726 1275 1787 tertiam
1347 1727 1411 1787 in
1478 1718 1835 1807 Tuggehal,
1923 1720 2243 1807 spectabat.
2408 1719 2414 1725 ’

502 1832 779 1897 quartam
809 1813 871 1877 in
900 1812 1153 1877 Ealand.
2183 1843 2190 1854 ·

1385 1915 1646 1981 Ibidem.

586 2023 817 2083 Interea
863 2021 1017 2103 regis
1058 2019 1371 2093 exercitus»,
1420 2021 1599 2085 etiam
1628 2040 1734 2102 per
1763 2019 1887 2083 loca
1919 2040 2176 2105 quaeque
2214 2021 2368 2085 inter
2401 2026 2554 2089 Tei·

499 2106 623 2171 sam
648 2108 707 2173 δι
735 2113 912 2189 Tyne
952 2105 1225 2181 diffusus,
1268 2108 1469 2169 vacuis
1497 2108 1726 2189 ubique
1765 2108 2068 2183 domibus,
2116 2107 2300 2173 solam
2325 2113 2551 2175 invenit

499 2192 903 2273 solitudinem,
948 2193 1241 2277 indigenis
1292 2190 1453 2277 fugae
1488 2193 1825 2277 praefidium
1861 2195 2272 2279 quaerentibus
2310 2199 2403 2264 vel
2445 2221 2558 2282 per⁸

498 2282 707 2365 sylvas,
755 2284 847 2345 vel
895 2304 997 2365 per
1037 2283 1291 2363 abrupta
1321 2284 1621 2345 montium
1662 2284 2050 2349 latitantibuS.
2139 2286 2328 2350 Tunc
2367 2289 2546 2351 etiam
2569 2294 2879 2349 Girovieense

496 2369 739 2436 ecclesia
770 2372 831 2436 S.
862 2369 1035 2435 Pauli
1064 2367 1313 2453 apostoli
1342 2370 1402 2431 in
1435 2368 1631 2433 Girwi
1666 2370 1923 2433 flammis
1949 2368 2322 2455 consumpta.
2412 2366 2545 2437 Du'·
2570 2362 2779 2413 ¹¹¹⁰¹¹²st²

498 2457 809 2524 nelmensis
886 2457 1121 2523 ecclesia
1190 2459 1353 2520 omni
1426 2457 1691 2522 custodia
1763 2461 1824 2521 &
1893 2458 2279 2526 ecclefi'astico
2347 2461 2547 2526 officio
2569 2427 2796 2544 ΞΟἛᾞῘ.

500 2547 803 2611 dessituta.
1664 2571 1677 2582 ·
2567 2569 2724 2620 ptum.

1394 2637 1701 2717 thidem.‘

581 2747 838 2817 Instante
866 2769 1125 2834 namque
1146 2771 1329 2816 verno
1354 2765 1639 2836 tempore,
1672 2753 1956 2818 redeunte
1987 2756 2059 2818 ad
2094 2743 2544 2821 Suthumbriam
2569 2745 2822 2824 Canthum?

496 2855 663 2918 rege,
700 2839 1041 2922 Egelwin'us
1083 2837 1389 2922 episcopus
1434 2861 1579 2904 curn
1631 2845 1793 2903 omni
1839 2843 2085 2926 popum,
2134 2842 2434 2906 transactis
2484 2847 2543 2908 in
2564 2810 2872 2930 Ὲιᾷἓῖἰζηω

498 2924 723 2986 Ealand
758 2925 945 2988 tribus
973 2927 1274 2990 mensibus
1304 2929 1363 2990 8c
1391 2927 1626 3012 aliquot
1656 2931 1888 3006 diebuS,
1933 2951 2077 2994 cum
2108 2924 2378 2995 thesauro
2401 2931 2546 2997 sacri
2567 2942 2782 2994 reductae.

496 3013 759 3096 corporis
792 3013 1161 3076 Dunelmum
1189 3012 1446 3078 reversus
1468 3015 1577 3078 est.

1204 3137 1437 3200 Ibidem
1466 3138 1641 3220 paulo
1669 3137 1837 3221 post=

581 3234 705 3298 Ubi
761 3251 959 3325 autem
1010 3253 1261 3302 ventum
1312 3238 1396 3302 est
1468 3241 1543 3302 ad
1594 3243 1822 3316 locum,
2228 3245 2552 3312 Lelaudus,

490 3325 599 3406 qui
628 3325 880 3408 Anglice
908 3326 1129 3390 dicitur
1148 3343 1175 3374 α
1196 3328 1665 3405 Hundr'edesstel,
1698 3334 1740 3392 i.
1767 3351 1822 3393 e.
1909 3330 2014 3394 Est
2038 3332 2134 3396 hic
2155 3334 2488 3398 locusinter
2503 3331 2868 3406 Maldunum

493 3413 723 3488 Latine,
768 3429 1015 3476 centum
1040 3412 1259 3478 fontes.
1835 3478 1842 3484 .
1913 3421 1972 3481 &
2004 3421 2517 3486 Shironodunum.

672 3529 680 3537 ’
710 3535 948 3605 Ibidem
995 3540 1072 3602 de
1112 3541 1461 3631 crudeli-tate
1488 3544 1784 3606 exercitus
1825 3544 1993 3608 culi:
2025 3545 2324 3610 Aluredus

1060 3629 1384 3693 Malcolino
1416 3634 1624 3694 Scotto
1652 3627 1949 3720 adscribit.

577 3735 765 3804 Tunc
807 3740 985 3801 etiam
1015 3739 1317 3804 ecclesiam
1363 3742 1523 3804 Petri
1569 3741 1818 3826 apostoli
1847 3747 1908 3806 in
1939 3743 2271 3810 Wiremuta
2301 3744 2544 3814 flamma
2561 3749 2785 3799 wirense

493 3819 755 3914 suorum,
800 3823 925 3910 ipso
960 3824 1337 3911 inspectante,
1386 3827 1765 3914 consumpsit.
2557 3815 2767 3930 2222&

532 3923 535 3926 ,
2715 3894 2826 3946 gra-

662 3937 903 4002 Ibidem
946 3959 1075 4021 quo
1114 3939 1305 4002 modo
1348 3937 1748 4024 Cospatricius
1798 3963 2000 4006 comes
2031 3945 2407 4012 Northumb=
2545 3945 2648 3997 xit.

750 4022 775 4072 b
816 4023 1054 4088 firmato
1096 4025 1365 4110 praesidio
1411 4026 1562 4092 arcis
1602 4029 1678 4091 de
1709 4031 2134 4113 Bebbanburg‚
2181 4034 2254 4096 de
2281 4056 2411 4116 quo
2559 4032 2737 4078 comes
2760 4031 2846 4078 Pa·-

750 4109 959 4194 saepius
984 4135 1305 4199 erumpens
1336 4116 1643 4180 Malcolini
1670 4121 1858 4182 Scotti
1893 4122 2037 4182 vires
2067 4121 2423 4188 debilitavit.
2557 4096 2869 4210 ἷξέξξῗδξξξ·

510 4253 520 4260 -
552 4239 581 4280 a
615 4222 1013 4309 Hupdredesfelde
1034 4231 1098 4285 al.
1230 4234 1257 4286 b
1293 4235 1349 4288 Ρ.
1374 4234 1584 4288 firmavit
1605 4237 1870 4304 praefidium
1896 4242 2010 4290 arcis
2043 4241 2103 4291 de
2125 4244 2455 4312 Bebbanbuxg,
2479 4245 2546 4298 'de
2561 4237 2680 4276 “¹²²⁶

490 4309 579 4362 qua
600 4297 767 4363 saeptus
802 4299 899 4350 &a

516 4409 541 4419 ..
2266 4446 2275 4455 ,
2309 4379 2542 4446 Ibidem
