3414 4866
710 207 1409 292 ANTIQUARII
1496 202 2360 268 COLLECTANEA.
2713 207 2854 280 415
2957 275 2962 280 μ

604 333 939 397 Gulielmus
971 327 1308 414 Longespe,
1356 331 1518 394 filius
1540 329 1844 408 RollandL
1879 333 2055 416 primi
2084 333 2254 396 ducis
2277 337 2572 396 Norman:

603 425 787 484 Anno
830 425 912 484 D.
972 439 1159 496 1077.
1202 421 1357 481 obiit
1402 422 1840 495 Heremannus,
1898 419 2204 502 episcopus
2253 421 2572 485 Shirebur·

519 509 731 587 nenfiS,
776 508 905 610 qui·
919 507 1209 568 transtulit
1234 504 1437 568 sedem
1450 504 1842 590 episcopalem
1869 507 1946 571 de
1973 507 2344 574 Shireburne
2369 509 2448 572 ad
2471 529 2570 571 ca-

518 595 701 660 strum
730 597 942 657 veteris
980 593 1352 674 saresbyriae.

601 687 783 746 Anno
812 686 897 744 D.
940 683 1127 746 1086.
1175 681 1325 744 Gul.
1360 703 1468 746 rex
1496 681 1734 766 Angliae
1757 701 2013 766 regnum
2041 677 2292 746 describi
2319 681 2484 758 fecit.

1550 791 1663 839 hose

604 862 787 922 Anno
808 863 891 922 D.
924 879 947 921 1
968 856 1107 922 106.
1143 859 1449 922 Robertus
1468 855 1756 932 Curtoise‚
1789 858 1918 922 dux
1939 861 2234 923 Norman.
2251 873 2462 938 captus
2485 857 2571 924 est

516 940 595 1010 ab
622 949 808 1009 Henr:
832 949 994 1030 rege,
1022 945 1206 1010 fratre
1236 945 1359 1021 suc,
1391 949 1451 1008 &
1487 947 1834 1010 exoculatus
1857 949 1919 1008 in
1942 947 2218 1029 Angliam
2241 945 2440 1010 miffus
2461 946 2567 1012 est.

608 1039 791 1096 Anno
818 1037 901 1097 D.
943 1055 966 1096 1
987 1055 1009 1096 1
1032 1055 1131 1114 14.
1181 1033 1484 1098 Exsiccata
1512 1033 1598 1096 est
1626 1033 1914 1110 Tamifia,
1961 1034 2020 1096 &
2047 1055 2206 1097 mare
2234 1033 2291 1098 se
2325 1037 2574 1098 retraxit

518 1139 625 1206 per
652 1123 859 1186 decem
888 1121 1163 1186 milliaria
1186 1122 1426 1184 duobus
1456 1122 1691 1184 diebus.

606 1212 791 1273 Anno
828 1229 892 1272 11
912 1229 1019 1292 23.
1063 1214 1317 1272 Mortuo
1346 1209 1639 1284 Roberto,
1671 1207 1943 1272 Lincoln:
1973 1206 2268 1291 episcope,
2309 1207 2572 1274 succeffit

518 1295 883 1373 Alexander,
904 1295 1091 1360 frater
1118 1298 1364 1380 Rogeri,
1398 1300 1605 1359 Sarum
1628 1293 1909 1378 episcopi.
1986 1295 2100 1360 Hic
2123 1300 2396 1379 Rogerus
2427 1317 2572 1379 pau-

518 1403 629 1468 per
656 1385 989 1468 capellanus
1018 1386 1095 1448 de
1120 1385 1391 1468 partibus
1420 1382 1822 1448 transmarinis
1853 1382 2102 1446 adhaefit
2140 1388 2264 1467 regi
2309 1388 2573 1448 Henrico

519 1471 721 1536 adhuc
741 1474 999 1554 junioris
1029 1475 1238 1557 aetatiS,
1281 1472 1340 1535 &
1390 1469 1593 1554 factus
1624 1472 1707 1534 est
1739 1473 1868 1553 ejus
1895 1470 2244 1553 capellanum.
2333 1476 2480 1554 Quo
2507 1475 2576 1537 in

520 1579 727 1644 regem
756 1557 1094 1635 sublimato,
1138 1557 1331 1622 factus
1368 1558 1451 1622 est
1478 1561 1609 1639 ejus
1646 1557 2050 1634 cancellatim,
2091 1560 2154 1622 8(
2189 1559 2354 1642 quali
2387 1563 2574 1624 totius

520 1650 693 1730 regni
724 1646 1175 1711 administrator.
1267 1648 1521 1722 Deinde,
1552 1646 1792 1710 volente
1825 1667 1986 1730 rege,
2031 1645 2224 1708 factus
2245 1647 2338 1718 est
2349 1645 2575 1731 episco-

522 1754 637 1818 pus
661 1737 901 1798 Sarum:
942 1737 1055 1818 qui
1084 1755 1194 1816 pro
1218 1733 1406 1798 nimio
1432 1733 1725 1816 superbiae
1753 1731 1905 1798 fastu
1935 1733 2255 1798 aedificavit
2285 1736 2412 1800 duo
2441 1757 2574 1798 mu

518 1821 705 1884 nitiss':
750 1823 955 1896 castra,
1001 1822 1366 1885 Shireburne
1414 1819 1629 1888 scilicet
1670 1821 1729 1888 &
1767 1819 2030 1886 Devisas.
2120 1823 2378 1886 Evec‘tus
2416 1823 2577 1906 post·

523 1911 778 1972 modum
822 1913 886 1973 in
914 1908 1179 1983 sublime,
1226 1907 1473 1972 fratrem
1502 1899 1675 1972 suurn
1711 1909 2127 1972 Alexandrum
2158 1909 2232 1972 de
2259 1911 2462 1973 Gallia
2510 1913 2576 1974 in

518 1997 710 2080 Angl.
732 1999 1017 2070 evocavit,
1064 1998 1313 2080 quique,
1329 1994 1539 2060 fratre
1570 2011 1941 2080 procurante,
1972 1995 2166 2058 faetus
2189 1995 2271 2058 est
2296 1999 2578 2062 Lincoln.

520 2083 853 2168 episcopus,
900 2087 960 2146 8(
999 2082 1279 2146 fraternae
1318 2080 1603 2167 superbiae
1626 2105 1748 2146 non
1781 2084 2015 2164 tepidus
2057 2084 2384 2162 aemulator,
2427 2106 2573 2148 con-

520 2170 739 2236 struxit
764 2171 952 2234 castra
974 2170 1049 2234 de
1076 2173 1417 2248 Newwark,
1452 2171 1756 2246 Lafforde,
1795 2171 1855 2234 ὅ(
1883 2171 2165 2252 Banbyri.

584 2264 791 2410 sAnno
814 2263 897 2324 D.
932 2277 956 2322 1
973 2278 998 2321 1
1000 2277 1121 2361 29.
1167 2261 1469 2324 Robertus
1488 2259 1563 2324 de
1582 2259 1724 2341 Oyli
1739 2219 2022 2322 'fundavit
2051 2257 2474 2330 monasterium
2495 2260 2571 2326 de

524 2349 581 2412 Ο
604 2367 757 2430 eney
2071 2385 2077 2390 ·

580 2440 789 2499 Anno
838 2440 920 2500 D.
980 2455 1007 2499 1
1026 2456 1171 2518 137.
1222 2450 1487 2520 tempore
1540 2395 1826 2519 Stephani
1871 2436 2025 2519 regis
2075 2438 2440 2503 commissum
2469 2405 2572 2498 est

518 2543 725 2627 grave·
741 2526 1023 2606 proelium
1068 2527 1224 2587 inter
1251 2528 1631 2595 Normannos
1678 2528 1752 2589 &
1777 2529 1856 2587 W
1860 2522 2094 2587 allenses
2135 2527 2298 2607 apud
2344 2526 2572 2589 Cairdi·

520 2632 664 2697 gan,
709 2614 772 2673 in
801 2634 929 2695 quo
957 2612 1231 2695 pluribus
1264 2611 1587 2675 interfectis
1614 2612 1828 2695 repulsi
1862 2610 1995 2677 sunt
2025 2613 2376 2675 Normanni.

522 2738 527 2742 -
609 2704 791 2763 Anno
815 2704 898 2764 D.
956 2704 1143 2783 1138.
1192 2698 1465 2783 Matildie
1508 2701 1854 2782 imperatrix
1883 2703 2146 2763 evocavit
2175 2701 2236 2761 in
2277 2698 2572 2763 auxilium
2689 2750 2702 2763 .

522 2789 717 2849 virum
748 2788 1102 2850 nominatiss':
1128 2790 1186 2849 8(
1208 2802 1508 2869 potentem
1534 2785 1777 2850 fratrem
1799 2784 1972 2849 suum
1995 2787 2350 2863 Robertum,
2382 2788 2571 2849 comi·

524 2890 644 2937 tem
673 2872 967 2937 Glocestr:
1011 2896 1191 2959 quem
1222 2890 1391 2957 pater
1417 2873 1557 2937 suus
1586 2896 1693 2937 rex
1724 2876 2017 2939 Hearicus
2047 2876 2122 2936 de
2153 2894 2271 2936 non
2303 2877 2574 2957 legitimo

522 2961 849 3025 concubitu
879 2978 1274 3046 progenuerat
1301 2987 1318 3036 ;
1368 2964 1427 3025 in
1458 2983 1585 3045 quo
1616 2961 1723 3023 fibi
1757 2960 1941 3045 usque
1969 2962 2116 3026 adeo
2147 2963 2570 3044 complacebat,

522 3066 593 3123 ut
623 3050 805 3111 filiam
837 3051 1073 3111 unicam
1105 3052 1165 3111 &
1208 3050 1484 3113 heredem
1518 3046 1818 3131 cujusdam
1849 3051 2084 3111 comitis
2111 3049 2576 3112 Gloucestrenfis

524 3138 824 3219 conjugali
865 3136 973 3199 fibi
1004 3138 1383 3199 matrimonio
1410 3139 1736 3221 copularet,
1781 3135 2088 3218 castraque
2113 3138 2398 3201 munitiss‘:
2443 3139 2574 3199 Bri-

524 3222 691 3290 stoue
722 3226 779 3285 &
807 3225 1199 3309 Marleberge,
1247 3227 1306 3286 8(
1335 3224 1476 3285 alias
1507 3242 1688 3287 terras
1720 3224 1967 3306 ampliss‘:
1999 3224 2325 3307 affignaret.

612 3314 791 3373 Anno
821 3314 902 3374 D.
949 3332 1139 3390 1147.
1193 3309 1443 3373 fundata
1488 3310 1571 3376 est
1607 3313 1812 3375 abban
1847 3313 2108 3374 Brueriae
2151 3334 2243 3376 or:
2289 3309 2524 3375 Cistert=
2589 3336 2619 3367 a
2645 3321 2676 3350 ⁸

612 3400 903 3463 Henricus
932 3401 1365 3524 prfflogetffius
1398 3400 1585 3463 Henr=
1614 3398 1692 3463 2¹.
1725 3398 2064 3463 Richardus
2089 3402 2193 3468 2⁰.
2225 3396 2575 3463 Gaufredus

524 3594 590 3659 3.
635 3574 893 3654 joannes
918 3595 986 3653 4.
1024 3576 1295 3658 genitus,

612 3667 799 3723 Anno
826 3666 907 3723 D.
969 3683 1155 3740 1174.
1203 3661 1601 3745 Randniphus
1648 3663 1725 3725 de
1754 3662 2070 3739 Glanville,
2117 3662 2456 3725 Barnardus
2499 3661 2576 3725 de
2617 3657 2682 3708 Pa
2657 3669 2730 3722 ag.
2759 3672 2870 3716 3⁷⁷·

525 3747 781 3823 Bailliol,
826 3750 977 3813 Gul·
1010 3751 1088 3813 de
1116 3747 1325 3831 Vescy,
1371 3752 1671 3813 Robertus
1715 3752 1792 3813 de
1831 3752 2156 3825 Stoteville,
2204 3754 2356 3833 regis
2385 3750 2570 3833 Angl:

526 3833 813 3919 {autore5,
860 3858 1001 3899 cum
1051 3858 1243 3920 pauco
1283 3839 1550 3900 exercitu
1590 3855 1998 3913 occurrerunt,
2061 3840 2390 3920 habitoque
2436 3860 2575 3901 con·

526 3923 721 4007 gressu
750 3944 891 3985 cum
920 3928 1139 3991 Scottis
1170 3942 1359 4008 prope
1384 3925 1639 3988 castrum
1662 3925 2206 4008 Alnewikexregem
2239 3928 2450 3987 Scotiae
2479 3946 2578 3987 ce-

528 4028 767 4093 perunt,
815 4026 1133 4095 totumque
1177 4016 1305 4092 ejus
1332 4014 1657 4076 exercitum
1703 4014 1798 4075 vel
1835 4030 2120 4094 ceperunt
2152 4012 2240 4075 vel
2271 4011 2576 4075 interfece-

526 4114 690 4161 runt.
782 4099 1018 4162 Deinde
1058 4120 1255 4183 regem
1284 4102 1347 4209 in
1376 4099 1563 4165 castro
1592 4098 2062 4176 de'Richemont
2105 4099 2380 4163 custodiae
2410 4120 2576 4163 man-

620 4270 761 4321 asic
762 4269 1199 4339 ,ucquerfioin
1171 4274 1425 4340 nmarg‘m·
1401 4270 1968 4339 circunmmdbsggm
1969 4272 2092 4339 sfiw
2069 4272 2480 4341 vprhnogtintus

2205 4384 2259 4426 cn
2265 4380 2579 4449 paverunt
3047 4330 3143 4841 j
