3414 4866
580 197 705 283 ¹9⁸
1218 198 1826 283 JoANNIS
1937 198 2576 267 LELANDI

1332 328 1573 393 Ibidem
1598 328 1677 391 de
1704 328 1912 413 praeda
1941 330 2248 395 Malcolini
2277 330 2456 415 regis.

532 428 687 509 &⁰8¹³
714 431 811 481 <¹³2³
950 434 1202 519 Repleta
1243 434 1327 498 est
1355 456 1502 519 ergo
1548 438 1775 497 Scottia
1816 432 1993 499 servis
2027 440 2092 501 &
2129 438 2352 501 ancillis
2379 436 2619 521 Anglici
2663 436 2996 518 generis,

518 498 817 611 ganza-iam
865 524 949 585 ita
992 539 1060 586 ut
1086 525 1269 585 etiam
1299 521 1487 605 usque
1520 522 1699 586 hodie
1729 524 1894 585 nulla
1935 546 2058 589 non
2090 526 2230 589 dico
2257 524 2480 603 villula,
2527 522 2627 589 sed
2674 544 2800 587 nec
2839 522 2990 585 do·-

868 612 1152 675 muncula
1178 608 1299 673 fine
1326 612 1419 675 his
1461 610 1649 673 valeat
1678 612 1951 676 inveniri.

1496 716 1681 777 Anno
1707 716 1954 779 Domini
1985 716 2290 783 MLxx‘10.

538 822 761 887 Rebelles
952 815 1279 877 Morkarus
1309 814 1367 878 8<
1396 815 1775 877 Hereum-dus
1805 818 1894 877 vir
1924 810 2210 881 strenuiff:
2243 838 2384 879 cum
2414 816 2618 879 multis
2647 815 2790 879 aliis
2821 815 2986 896 Ely

536 886 797 965 Qnguiua-
865 899 1125 983 insulam
1166 899 1407 985 navigio
1454 903 1772 985 petierunt,
1817 904 1880 965 in
1936 926 2006 967 ea
2036 905 2317 986 hyemare
2361 908 2646 969 volentes·
2741 903 2974 986 Egel-

538 968 823 1083 :graneca-
866 991 1063 1053 winus
1119 1009 1387 1071 quoque,
1458 988 1873 1053 Dunelmenfis
1911 989 2238 1076 episcopm,
2295 994 2354 1055 &
2403 994 2710 1067 Sinardus,
2785 1011 2971 1074 cog:

870 1083 1052 1153 Bam,
1100 1078 1177 1139 de
1224 1074 1423 1139 Scotia
1448 1079 1856 1160 renavigantes
1883 1079 1991 1144 illo
2015 1080 2392 1143 advenerant.
2485 1082 2622 1155 Sed,
2671 1080 2798 1141 hoc
2829 1099 2973 1143 au·

1066 1180 1207 1229 Guliz
1628 1180 1770 1245 plaga

543 1260 853 1309 PousinAn·
874 1250 1022 1323 dito,
1070 1270 1173 1312 rex
1222 1249 1283 1310 in
1321 1247 1589 1314 orientali
1622 1262 1791 1333 parte
1841 1244 2048 1311 insulae
2090 1269 2326 1313 omnem
2375 1250 2490 1313 illis
2532 1252 2768 1313 exitum
2819 1250 2962 1315 ob·

542 1328 759 1439 {Pgffafh
788 1326 816 1374 ὲ
868 1337 1105 1411 struxit,
1161 1336 1219 1399 ἃ.
1266 1350 1512 1417 pontem
1550 1339 1610 1397 in
1662 1336 2020 1399 occidentali
2067 1339 2238 1421 plaga
2284 1340 2482 1401 dnum
2529 1336 2958 1402 miliariorum

544 1406 795 1505 ἱζαρῗω
834 1417 1119 1509 ‘longum
1146 1424 1275 1485 fieri
1298 1420 1484 1503 jussit.
1576 1427 1659 1485 At
1706 1423 1814 1498 illi,
1860 1426 1968 1487 ubi
1997 1422 2054 1487 se
2081 1426 2357 1488 viderunt
2387 1426 2465 1488 sic
2493 1426 2604 1487 elle
2642 1424 2958 1502 inclus08‚

788 1548 795 1555 ·
854 1532 1200 1598 'repugnare
1228 1508 1601 1585 destiterunt,
1632 1512 1691 1573 δε
1724 1532 1950 1586 omna,
1993 1532 2244 1595 excepto
2272 1514 2644 1589 HereuardO,
2675 1517 2950 1601 qui‚per

868 1600 1113 1682 paludes
1142 1618 1283 1661 cum
1304 1598 1506 1681 paucis
1532 1598 1731 1674 evasit,
1776 1602 1904 1683 regi
1933 1596 1988 1663 se
2017 1600 2391 1663 dediderunt.

542 1762 729 1806 geom„
747 1758 854 1804 An-
1476 1708 1663 1769 Anno
1692 1705 1924 1773 domini
1968 1722 2307 1773 MLxxu0.

540 1823 623 1889 glo
646 1822 785 1871 fidem
960 1806 1075 1869 Sed
1104 1807 1211 1869 ubi
1239 1826 1347 1869 rex
1383 1806 1722 1889 Anglorum
1757 1809 2021 1871 Scotiam
2050 1811 2384 1882 intraverat,
2432 1830 2536 1871 rex
2563 1809 2948 1877 Malcolinus

540 1888 787 2019 ‘fg-gffm·
870 1894 1131 1958 occurrit
1159 1896 1215 1958 ei
1236 1896 1297 1957 in
1312 1896 1468 1970 lom,
1488 1896 1595 1977 qui
1612 1893 1834 1963 dicitur
1854 1896 2193 1973 Abernithi,
2218 1899 2278 1960 δε
2298 1901 2479 1960 homo
2501 1894 2640 1960 suus
2663 1899 2939 1964 devenit.

1770 2015 2021 2079 Ibidem.
2033 2008 2039 2011 ’

541 2126 799 2177 Castellum
888 2126 895 2131 ’
960 2120 1187 2183 Eodem
1212 2116 1499 2203 tempore,
1549 2116 1765 2182 scilicet
1793 2140 1922 2203 quo
1948 2140 2056 2181 rex
2085 2117 2347 2181 re've'rsus
2372 2118 2446 2181 de
2475 2121 2670 2182 Scotia
2698 2116 2928 2195 fuerat,

544 2192 777 2242 nunctmi
822 2258 837 2273 .
868 2210 930 2271 in
965 2210 1269 2271 Dunelmo
1309 2208 1605 2270 caste-num
1646 2208 1940 2281 condidit,
1987 2209 2100 2269 ubi
2146 2206 2206 2270 se
2247 2205 2560 2291 episcopus
2605 2222 2752 2269 cum
2801 2205 2928 2271 suis

543 2259 791 2309 conditum
818 2276 845 2306 a
1132 2298 1146 2311 ,
1428 2297 1441 2310 ,
2015 2304 2022 2315 1

456 2320 463 2326 ·
546 2322 795 2371 Gulielmo
871 2312 997 2361 tute
1026 2298 1103 2359 ab
1132 2295 1563 2359 incursantibus
1592 2296 1818 2360 habere·
1839 2295 2045 2379 posset.

546 2386 739 2440 Νοώο·
1047 2426 1229 2486 Anno
1263 2420 1667 2488 MLxxl1110.
1717 2426 1863 2488 Haec
1893 2441 2042 2508 pene
2072 2422 2150 2486 ad
2182 2423 2436 2488 verbum
2475 2442 2554 2488 ex
2581 2419 2834 2487 Historia

640 2507 652 2518 ’
1135 2513 1443 2594 Symeonis
1473 2512 1771 2578 monachi.

1675 2623 1834 2684 Tres
1888 2620 2163 2686 mon-achi
2228 2642 2515 2704 pauperes
2572 2619 2776 2704 spiritu
2835 2618 2916 2682 de

616 2707 1071 2770 Monasteria-in
1092 2706 1394 2788 provincia
1418 2709 1499 2766 E·
1587 2709 1885 2791 provincia
1930 2713 2292 2774 Merciomm
2326 2726 2354 2756 α
2385 2711 2706 2774 Eovesham
2760 2708 2912 2770 divi-

544 2790 847 2858 boracenfi
870 2789 929 2858 8(
952 2793 1388 2858 Northumbria
1408 2815 1497 2856 re·
1588 2798 1742 2861 nitus
1772 2793 1922 2860 miffi
1966 2800 2027 2859 in
2076 2791 2438 2881 provinciam
2467 2792 2914 2860 Northumbro·

541 2899 761 2966 parata.
1056 2955 1063 2966 ⁸
1586 2906 1730 2946 rum
1777 2901 2063 2949 venerunt
2105 2887 2464 2959 Eboracum,
2524 2899 2789 2968 petentes
2835 2877 2916 2944 ab

670 2971 677 2976 ’
890 2993 1003 3056 pag.
1030 2998 1141 3048 178.
1588 2975 1866 3054 Hugone,
1911 2967 2042 3035 filio
2091 2969 2368 3047 Baldrici,
2415 2973 2520 3056 qni
2575 2987 2716 3035 tunc
2761 2969 2907 3032 vice-

715 3057 1093 3122 Munckestre
1120 3083 1138 3118 ε
1585 3061 1944 3122 comitatum
1970 3061 2233 3144 gerebat,
2283 3076 2354 3121 ut
2393 3059 2476 3120 eis
2506 3056 2718 3121 ducem
2747 3058 2908 3120 itine-

716 3150 957 3212 Novum
983 3143 1306 3209 castellum.
1588 3150 1666 3209 ris
1696 3150 1980 3211 inveniret
2009 3147 2194 3231 usqne
2223 3147 2445 3220 locum,
2489 3146 2597 3229 qui
2625 3147 2906 3208 Muncke·

1587 3234 1786 3312 cestre,
1850 3236 1894 3298 i.
1931 3256 1985 3298 e.
2041 3234 2474 3298 monachorum
2530 3235 2750 3307 civitas,
2808 3247 2908 3312 ap-

738 3325 851 3395 t}
872 3320 1147 3406 pellatur,
1192 3321 1297 3404 qui
1328 3338 1487 3410 nnnc
1516 3323 1762 3385 Novum
1789 3322 2099 3386 castellum·
2139 3324 2502 3385 nominatur.
2591 3325 2736 3404 Quo
2779 3339 2922 3400 per-⁸

874 3410 1043 3472 ducti
1070 3411 1385 3484 venientes,
1426 3409 1503 3470 ad
1552 3426 1786 3492 tempus
1826 3411 2051 3473 ibidem
2081 3411 2315 3481 morati,
2364 3429 2508 3472 cum
2537 3410 2774 3474 nullum
2803 3425 2908 3467 an·

873 3501 1116 3580 tiquutn
1144 3495 1440 3560 servorum
1460 3495 1678 3560 Christi
1709 3498 1788 3560 ibi
1817 3497 2154 3579 reperissent
2183 3495 2519 3580 vestigium,
2551 3499 2906 3558 dlverterunt

542 3588 826 3638 cirovimm
869 3587 945 3648 ad
999 3587 1279 3659 Girvum,
1350 3584 1456 3646 ubi
1511 3585 1694 3648 ruinis
1745 3586 1848 3647 vix
1898 3583 2340 3647 ostendentibus
2393 3583 2543 3666 quid
2592 3583 2905 3664 antiquitus

542 3665 825 3718 reparatum.
870 3670 895 3721 b
935 3671 1183 3746 fuerint,
1230 3671 1669 3734 monachorum
1713 3693 1854 3734 cum
1905 3669 2238 3752 semiruptis
2283 3671 2535 3734 ecclesiis
2579 3669 2905 3732 visebantur

872 3759 1119 3822 aedificia
1172 3759 1385 3834 multa,
1452 3759 1730 3841 episcopo
1780 3759 2066 3821 Walkero
2117 3757 2349 3821 summa
2406 3757 2904 3840 congratulatione

872 3849 1005 3912 illos
1036 3844 1397 3927 suscipiente,
1444 3849 1500 3908 δε
1536 3846 1840 3908 necessaria
1873 3848 2193 3930 praebente.
2269 3850 2504 3908 Horum
2537 3849 2777 3908 nomina
2815 3842 2902 3906 fu·

872 3951 1049 4000 erunt
1074 3959 1089 3994 ε
1138 3937 1301 4017 prior
1328 3954 1536 3996 eorum
1562 3949 1734 3995 aetate
1763 3933 1824 3995 δε
1849 3938 2116 3998 moa-ibus
2145 3949 2270 3997 erat
2299 3935 2620 3996 Aldwinus
2646 3959 2666 4009 ς
2712 3929 2900 3996 secun·

844 4025 981 4086 ‘dus
1010 4044 1150 4085 vero
1175 4019 1467 4084 Elfwinus
1492 4044 1509 4094 3
1559 4023 1772 4082 tertius
1797 4021 2184 4084 RemifriduS.
2260 4025 2352 4086 Ex
2378 4023 2472 4084 his
2501 4023 2693 4084 tribus
2724 4021 2827 4082 tria
2846 4021 2900 4080 in

540 4142 775 4195 monachi
870 4113 1107 4194 regione
1156 4108 1703 4172 Northumbrorum
1753 4109 2070 4172 instaurata
2118 4107 2258 4172 sunt
2300 4107 2672 4174 monasteria.
2725 4125 2896 4170 unum

541 4209 793 4258 Dunelmi.
872 4199 1155 4262 Dunelmi
1182 4197 1344 4281 apud
1371 4198 1552 4278 patris
1576 4196 1890 4260 cuthberti
1920 4194 2151 4261 sacrum
2176 4217 2390 4278 eorpus
2415 4198 2474 4258 δι
2503 4197 2900 4278 incorruptum

1129 4388 1171 4445 6
1367 4335 1395 4366 a
1431 4317 1487 4366 Id
1509 4315 1593 4377 est,
1628 4316 1890 4380 Hevespam
1915 4316 1980 4366 al.
2109 4315 2136 4364 b
2171 4317 2208 4364 f
2212 4315 2332 4364 uerit
2353 4313 2416 4364 al.
2554 4329 2562 4336 ·
2844 4380 2858 4396 ·

1121 4450 1143 4472 §a
2083 4465 2092 4472 ,
2844 4397 2894 4443 m
2962 4435 2970 4459 ⁸
