3414 4866
598 204 735 273 216
1236 206 1844 292 JoANNIS
1944 210 2594 279 LELANDI

1680 334 1914 399 Eodem
1943 357 2128 403 anno,

546 436 789 504 ³1⁰⁶&ss
958 447 1155 512 Nocte
1182 447 1463 533 quadam,
1492 447 1718 513 foedere
1747 450 2012 533 dirupto,
2055 469 2262 515 omnes
2287 452 2556 535 equiteS,
2581 464 2610 495 ⁶
2639 469 2834 534 quos
2877 448 3018 512 ha-

541 518 797 619 ssffirffi,
873 534 1077 613 bebat,
1118 538 1483 603 occidentem
1513 535 1712 601 versus
1741 540 1806 601 in
1841 540 2263 612 Domnaniam,
2305 540 2384 601 ad
2435 540 2660 609 locum,
2705 540 2856 619 qui
2897 539 3019 599 di-

545 633 699 686 mam
714 636 855 704 petit.
868 622 1024 689 citur
1063 625 1316 708 Anglice
1360 625 1715 691 Exancestre
1771 628 1936 711 (quae
1975 628 2176 691 civitas
2227 627 2290 693 in
2333 625 2606 690 orientali
2654 626 2804 708 ripa
2869 623 3016 687 flu:

870 714 1019 775 Exae
1046 710 1154 775 fita
1179 711 1289 795 est)
1336 732 1525 795 prope
1550 734 1712 776 mare
1737 712 2157 788 meridianum,
2204 714 2414 795 ibique
2447 716 2782 793 hyemavit.

962 804 1143 863 Anno
1176 804 1689 865 nccctxxvm.
1743 802 2035 864 exercitus
2067 820 2436 885 paganorum
2459 801 2762 863 Werham
2793 797 3013 863 dese-

874 908 1033 963 rens,
1080 888 1303 971 partim
1346 887 1695 969 equitandO,
1745 891 1962 973 partim
2013 887 2372 974 navigando,
2394 904 2862 973 pervenerunt
2907 888 3006 951 ad

875 974 1106 1049 locum,
1150 976 1260 1057 qui
1302 972 1517 1037 dicitur
1548 972 1573 1022 b
1604 978 1968 1041 Snanauuic.
2479 1022 2484 1025 -

964 1065 1720 1129 Ann0.ncccr.xxv111⁰.
1755 1084 2010 1147 magnus
2038 1082 2406 1147 paganorum
2438 1062 2763 1139 exercitus,
2831 1061 3000 1146 post

878 1148 1363 1231 Theophaniam,
1395 1148 1640 1213 latenter
1670 1151 2069 1233 Cippanham,
2099 1149 2298 1214 villam
2317 1152 2560 1233 regiam,
2591 1150 2770 1226 adiit,
2811 1171 2994 1234 quae

875 1236 963 1300 est
1011 1236 1118 1301 sita
1160 1238 1225 1299 in
1252 1234 1518 1300 finistrali
1549 1254 1716 1319 parte
1745 1258 1915 1323 pagae
1944 1236 2357 1312 Wiltunensm,
2403 1241 2466 1301 in
2491 1240 2777 1303 orientali
2815 1238 2982 1323 ripa

878 1324 989 1389 flu:
1020 1327 1215 1400 Avon,
1261 1326 1321 1386 81
1349 1325 1434 1387 ibi
1470 1324 1794 1407 hyemavit.

966 1413 1195 1477 Eodem
1233 1430 1390 1475 anno
1416 1406 1597 1475 frater
1625 1414 1867 1497 Inguari
1913 1416 1973 1477 &
2003 1409 2354 1489 Healfdene,
2400 1432 2540 1477 cum
2583 1422 2718 1497 23³.
2771 1415 2976 1479 navi·

738 1574 743 1582 ,
876 1500 1015 1575 bus,
1061 1499 1137 1564 de
1180 1498 1485 1561 Demetica
1524 1502 1784 1583 regione,
1829 1502 1890 1564 in
1935 1520 2056 1584 qua
2095 1500 2492 1583 hyemaverat,
2539 1500 2668 1583 post
2712 1502 2862 1569 mul
2873 1518 2978 1564 tas

710 1592 726 1620 ⁸
846 1588 968 1659 .ibi
1010 1585 1481 1650 Christianorum
1530 1584 1744 1672 strages
1784 1584 1988 1662 factas,
2033 1588 2110 1653 ad
2151 1590 2548 1651 Domnaniam
2573 1591 2968 1673 enavigavit,

882 1677 945 1737 8c
984 1676 1070 1737 ibi
1104 1673 1140 1735 εἴ
1177 1669 1453 1737 ministris
1491 1674 1645 1759 regis
1685 1697 1832 1739 curn
1869 1675 2029 1740 mille
2075 1674 2352 1741 ducentis
2397 1696 2704 1761 perperam
2753 1698 2969 1763 agens

638 1796 647 1805 =
1598 1775 1712 1826 alias
1740 1782 1790 1829 T
1795 1778 1981 1828 inwith.

554 1840 781 1925 &rin-wie
881 1839 1107 1908 occisus
1132 1838 1218 1907 est
1255 1858 1389 1905 ante
1414 1862 1609 1907 arcem
1636 1846 1878 1926 Cynuit,
1925 1848 1984 1909 in
2013 1866 2137 1931 qua
2181 1866 2318 1911 arce
2345 1844 2522 1909 multi
2549 1843 2812 1911 ministri
2847 1866 2964 1913 re-

880 1932 974 2017 gis
1003 1928 1061 1995 se
1088 1928 1490 1996 concluserant
1519 1931 1792 2017 confugii
1819 1934 2030 1997 caussa.
2489 1947 2499 1957 ‘
2527 1942 2532 1945 '
2711 1954 2724 1963 ·

971 2018 1263 2083 Diluculo
1291 2014 1462 2099 super
1493 2039 1754 2102 paganos
1769 2042 1857 2103 ‚ex
1894 2016 2209 2104 impfoviso
2236 2023 2599 2104 irrumpunt,
2646 2020 2707 2085 &
2733 2023 2959 2105 prima

882 2102 1029 2171 hora
1057 2105 1249 2171 hostes
1280 2104 1589 2181 hostiliter,
1617 2128 1756 2177 cum
1786 2129 1925 2193 rege
1952 2106 2080 2185 suo,
2117 2110 2376 2193 maxima
2399 2130 2477 2171 ex
2508 2124 2690 2191 parte,
2723 2112 2954 2191 paucis

882 2195 959 2256 ad
1008 2214 1180 2257 naves
1226 2212 1331 2276 per
1367 2190 1573 2277 fugam
1603 2194 1832 2279 elapfis,
1879 2196 2280 2279 prosternunt,
2327 2194 2534 2279 ibique
2569 2214 2950 2279 acceperunt

878 2280 1066 2365 spolia
1110 2300 1229 2347 non
1276 2281 1539 2343 minima.
1622 2285 1693 2345 In
1741 2303 1871 2369 quo
1912 2287 2089 2348 etiam
2139 2299 2495 2367 acceperunt
2537 2283 2690 2346 illud
2737 2284 2944 2346 vexil-

548 2374 725 2456 {taven
746 2390 865 2423 vex·
884 2369 1035 2444 lum,
1079 2368 1246 2452 quod
1275 2372 1513 2431 Reaven
1552 2370 1884 2451 nominant,
1915 2372 2046 2439 &c.'
2101 2374 2187 2435 Ut
2217 2368 2438 2436 sorores
2471 2372 2786 2458 Hynguari
2811 2372 2942 2436 hoc

552 2441 695 2492 ²¹¹¹¹¹²¹
718 2445 818 2492 Da·
881 2457 1160 2522 vexillum
1198 2470 1537 2521 texuerunt.

550 2518 747 2558 norum.
968 2550 1147 2611 Anno
1186 2544 1395 2609 eodem
1438 2543 1569 2628 post
1596 2543 1814 2609 Pascha
1842 2543 2146 2612 AElstedus
2187 2567 2291 2610 rex
2318 2567 2457 2610 cum
2506 2546 2709 2630 paucis
2751 2547 2938 2629 adju-

577 2631 695 2699 rag.
726 2649 835 2692 ¹9²·
882 2636 1113 2700 toribus
1144 2631 1283 2696 fecit
1328 2653 1519 2696 arcem
1547 2634 1611 2696 in
1637 2633 1793 2710 loco,
1837 2638 1948 2718 qui
1979 2634 2200 2698 dicitur
2227 2635 2698 2720 Ethelingaeige,
2737 2637 2803 2697 8τ
2839 2635 2934 2697 de

876 2719 999 2805 ipsa
1043 2741 1187 2782 arce·
1216 2717 1445 2802 semper
1489 2741 1625 2784 curn
1655 2722 1954 2788 nobilibus
1999 2723 2222 2786 vaffalis
2269 2720 2708 2786 Sumersetenfis
2747 2740 2931 2804 pagae

876 2825 1109 2875 contra·
1131 2827 1389 2892 paganos
1418 2805 1858 2890 infatigabiliter
1885 2809 2208 2875 rebellavit.
2297 2813 2648 2893 Iterumque
2683 2811 2742 2871 in
2770 2809 2929 2872 heb-

878 2896 1137 2961 domada
1168 2903 1262 2973 7¹¹.
1303 2891 1431 2980 post
1460 2895 1676 2960 Pascha
1703 2896 1780 2960 ad
1820 2913 2051 2983 petram
2079 2894 2386 2983 Ecgberti,
2432 2917 2571 2981 quae
2608 2895 2691 2960 est
2717 2896 2778 2960 in
2803 2898 2929 2960 ori-

1974 3001 2020 3052 el

880 3074 1062 3139 entali
1092 3087 1257 3160 parte
1289 3068 1485 3149 saltus,
1532 3074 1637 3157 qui
1678 3070 1897 3136 dicitur
1929 3071 2198 3144 Salwud,
2245 3069 2458 3135 Latine
2505 3084 2702 3136 autem
2745 3064 2925 3153 Sylv'a

877 3179 1109 3246 magna,
1146 3175 1185 3214 ιθ
1226 3149 1563 3244 equitavit'',
1618 3162 1826 3244 ibique
1870 3160 2257 3223 obviaverunt
2297 3157 2396 3221 illi
2449 3179 2656 3222 omnes
2707 3159 2924 3224 accolae

876 3249 1338 3334 Hamptunenfis
1372 3249 1529 3334 pagi.
2749 3279 2754 3286 ·

968 3339 1203 3402 Exinde
1248 3335 1433 3399 castra
1478 3357 1882 3411 commovens,
1943 3333 2107 3399 venit
2157 3332 2232 3396 ad
2283 3332 2504 3411 locum,
2550 3334 2661 3417 qui
2701 3330 2926 3397 dicitur

874 3426 1063 3512 Iglea,
1108 3427 1169 3488 &
1198 3423 1284 3487 ibi
1315 3443 1433 3488 una
1458 3424 1633 3487 nocte
1658 3423 1846 3487 castra
1877 3437 2132 3488 metatus
2156 3420 2262 3487 est.

962 3513 1158 3577 Nocie
1187 3512 1305 3587 illa,
1352 3531 1495 3576 cum
1522 3507 1581 3574 se
1608 3510 1804 3594 sopori
1832 3509 2096 3584 dedisset,
2144 3509 2420 3592 apparuit
2437 3509 2494 3573 ei
2522 3508 2804 3592 quaedam
2832 3505 2924 3572 ef·

874 3600 1066 3684 figies,
1100 3597 1280 3682 spetie
1311 3603 1375 3662 S.
1406 3599 1605 3675 Neoti,
1636 3597 1942 3680 quondam
1969 3597 2098 3677 ejus
2119 3595 2424 3674 familiaris
2450 3599 2647 3670 amici,
2693 3617 2762 3660 ac
2785 3617 2922 3680 pro·

875 3689 1111 3770 pinqui,
1156 3687 1606 3770 admonuitque,
1652 3703 1724 3750 ut
1769 3704 2007 3748 omnem
2045 3701 2329 3748 terrorem
2360 3686 2420 3748 8<
2452 3700 2681 3748 metum
2711 3684 2924 3750 barba-

874 3795 1082 3838 rorum
1112 3773 1411 3854 abjiceret.
2215 3788 2226 3800 ·
2769 3773 2776 3782 ’

841 3885 845 3892 ·
958 3861 1143 3924 Mane
1172 3858 1539 3924 illucescente
1564 3857 1782 3924 vexilla
1821 3877 2202 3922 commovens
2230 3858 2390 3934 inde,
2433 3858 2510 3922 ad
2543 3859 2788 3939 locum„
2813 3860 2924 3942 qui

874 3947 1097 4013 dicitur
1124 3949 1530 4025 AEthandune,
1574 3949 1689 4011 διε.
1780 3950 1924 4034 Qo
1971 3947 2154 4010 modo
2198 3967 2564 4032 paganorum
2592 3945 2920 4012 exercitum

944 4131 972 4160 a
1059 4129 1144 4162 uos
1166 4129 1250 4161 rex
1272 4111 1487 4172 habebat,
1512 4110 1703 4170 occidit,
1727 4109 1928 4176 indeque
1949 4109 2108 4160 versus
2135 4111 2236 4162 (rc.
2257 4111 2302 4160 in
2327 4109 2418 4162 Ed:
2443 4111 2555 4162 Galz
2578 4109 2758 4160 r'eHius.
2803 4111 2923 4162 Pto·

878 4179 1031 4227 festus
1056 4179 1122 4227 est
1142 4188 1293 4228 tamen
1298 4175 1573 4243 subintelligi
1607 4175 1788 4226 dehent:
1839 4179 1924 4227 Ne
1939 4175 2077 4242 plura
2107 4175 2180 4224 hfc
2203 4175 2282 4224 loci
2303 4176 2442 4225 dicam
2468 4177 2610 4242 effecit
2643 4184 2750 4225 nota
2775 4171 2922 4239 nostra

878 4244 941 4291 ad
974 4244 1176 4307 AElfredi
1203 4244 1361 4290 'vitam
1397 4242 1810 4306 Spelmanm‘anam,
1834 4253 1949 4310 pag.
1985 4260 2066 4300 49.
2106 4257 2236 4308 quam
2273 4241 2448 4307 videsis.
2579 4241 2606 4292 h
2642 4241 2752 4290 Vide
2771 4250 2922 4290 notam

878 4305 1072 4375 nostram
1095 4310 1156 4359 ad
1173 4308 1281 4359 vit-e
1294 4305 1507 4376 praedffltc
1521 4311 1632 4377 pag.
1660 4323 1740 4370 52.
1870 4323 1895 4358 c
1927 4307 2003 4360 Ex
2021 4307 2115 4357 Ed.
2142 4300 2367 4358 Galeam.
2669 4369 2706 4440 f
2741 4370 2778 4437 d
2845 4372 2862 4388 .

2701 4393 2738 4439 u
2779 4385 2912 4453 ent,
