3414 4866
733 187 1466 313 Ar'r‘r1anR11¹
1527 205 2386 298 coLLEcTANEA.
2749 251 2825 305 ιι

623 368 796 428 Sicut
840 380 1040 428 autem
1081 363 1118 424 εἰ
1147 367 1340 426 Bruto
1389 359 1542 424 duce
1571 365 1840 426 Britones
1886 383 2099 428 nomen
2132 379 2459 440 traxerunt,
2506 363 2589 428 fic
2664 443 2671 446 ,

539 454 848 516 Hiber-uici
879 453 954 514 ab
986 453 1242 514 Hebraeo
1269 451 1442 526 duce,
1489 449 1600 524 vel,
1647 448 1969 514 secundum
2010 453 2177 526 alios-2,
2225 452 2304 514 ab
2334 454 2585 529 Hibero,

531 537 833 623 Hispania:
879 541 962 602 flu
997 564 1013 600 ε
1064 541 1226 602 unde
1278 553 1682 621 provenerant.
1772 538 1940 600 Diffi
1985 535 2124 602 sunt
2174 542 2235 601 8r
2262 540 2501 603 Gaideli
2548 539 2583 601 ὲ

537 629 691 690 duce
721 629 798 690 lic
827 628 1031 690 distoe
1080 627 1230 690 ficut
1272 626 1349 687 ab
1378 645 1567 687 uxore
1595 625 1831 690 Gaideli
1872 625 2055 701 illius,
2102 646 2239 710 quae
2270 645 2470 690 vocata
2496 625 2584 690 est

539 718 735 789 Scota,
788 715 934 777 dieti
961 713 1096 776 sunt
1125 715 1305 776 Scoti.
1376 712 1640 799 Qidam
1665 727 1862 775 tamen
1893 729 2203 775 autumant
2225 713 2579 789 ivandam,

499 801 612 866 .de
662 805 886 884 quibus
913 801 1255 884 originalem
1299 800 1514 862 lineam
1550 799 1793 876 duxere,
1839 797 1993 862 ficut
2036 800 2346 887 originem,
2396 802 2477 866 fic
2520 805 2581 865 &

535 892 1038 971 nuncupationem
1065 889 1350 950 Gaidelos
1380 885 1636 951 traxiffe.
1704 961 1709 964 ‚

621 977 962 1040 Patriarcha
997 978 1056 1038 δε
1083 979 1317 1038 Primus
1348 975 1526 1038 idem.

621 1061 1072 1145 Corepiscopus,
1119 1066 1227 1146 qui
1255 1065 1330 1124 de
1359 1063 1546 1124 choro
1573 1060 1763 1126 solum
1800 1060 1883 1126 est
1912 1061 2209 1147 praelatus.
2280 1059 2416 1129 'Hic
2445 1077 2574 1131 tan·

497 1201 506 1210 .
533 1165 666 1214 tum
697 1155 953 1214 minores
982 1147 1218 1214 ordines
1253 1147 1618 1213 conferebat.

988 1265 1192 1309 Saxones

511 1365 514 1372 -
619 1328 816 1400 Unde,
887 1326 1218 1411 Paganismi
1287 1330 1570 1391 nimirum
1625 1324 1908 1409 spurcitia
1980 1341 2187 1391 totam·
2228 1329 2397 1412 regni
2452 1325 2577 1396 fere

533 1409 901 1495 superficiem
950 1420 1404 1492 contaminante,
1453 1417 1717 1498 reliquiae
1762 1416 2283 1499 Briton‘um‚·quae
2315 1419 2379 1478 in
2419 1419 2574 1480 occi-

531 1500 670 1564 duis
697 1501 896 1564 insulae
941 1505 1158 1566 finibus
1189 1503 1265 1576 se,
1313 1521 1556 1586 propter
1585 1504 1859 1565 locorum
1890 1506 2268 1580 munitioneS,
2314 1502 2573 1588 suscepe-

531 1604 687 1663 rant,
733 1589 914 1660 fidem
965 1590 1184 1654 Christi
1233 1587 1554 1672 susceptam
1587 1592 1648 1652 8<
1687 1590 2048 1654 documenta
2092 1581 2383 1654 catholica
2426 1613 2574 1656 con·

532 1677 694 1738 tinue
740 1673 965 1760 semper
1011 1680 1071 1740 δε
1111 1679 1446 1740 inconcusse
1501 1676 1895 1741 servaverunt.
1985 1681 2167 1741 Unde
2210 1681 2269 1740 8:
2320 1681 2575 1746 ecclefiae

499 1763 832 1828 nonnullae
871 1769 1029 1828 intra
1074 1767 1364 1852 Cambriae
1392 1762 1666 1849 spatium,
1712 1785 1849 1846 quae
1877 1765 2059 1828 hodie
2089 1767 2429 1829 adulterino
2470 1788 2576 1830 vo·
2602 1765 2643 1794 ”

1637 1869 1745 1932 sup:
1770 1869 1957 1934 Fugatii
1978 1867 2027 1918 ἃ
2052 1870 2293 1918 Damiani.
2388 1885 2393 1892 ·

499 1938 747 2002 -cabulo
791 1940 1016 2003 Wallia
1066 1939 1304 2014 dicitur,
1351 1939 1594 2002 nomine
1635 1935 2061 2019 praediftorum
2103 1935 2371 2001 fundatae
2415 1939 2577 2004 inve-

533 2028 803 2091 niuntur.
1211 2043 1218 2048 '
1732 2063 1743 2094 s
2470 2073 2477 2084 .
2588 2077 2597 2088 .

617 2115 872 2180 Arthuri
899 2135 1168 2197 quoque,
1213 2115 1530 2176 Britonum
1558 2114 1711 2196 regis
1738 2112 1966 2194 inclyti,
2008 2113 2297 2175 memoria
2336 2131 2459 2180 nou
2488 2112 2573 2177 est
2592 2127 2835 2180 Arturius.

503 2197 952 2284 .supprimenda
974 2231 990 2264 ι
1022 2203 1308 2285 quoniam
1327 2218 1354 2247 a
1375 2201 1667 2264 monaster
1685 2225 1703 2260 ε
1738 2197 2165 2263 Glasconienfis
2193 2202 2432 2283 egregii,
2464 2223 2569 2265 cu·
2593 2199 2685 2264 ‘tn

517 2290 624 2369 jus
655 2291 714 2352 ετ
741 2288 862 2372 ipse
891 2304 1173 2372 patronus
1204 2286 1319 2350 suis
1362 2289 1573 2352 diebus
1609 2285 1801 2351 fuerat
1830 2290 2183 2372 praecipuu5‚
2229 2291 2288 2350 δε
2316 2289 2570 2375 largitor

503 2395 599 2441 -ac
651 2373 986 2442 sublevator
1015 2377 1385 2463 magnificuS,
1431 2375 1686 2439 historiae
1720 2375 1983 2439 multum
2023 2375 2347 2439 extollunt.
2440 2380 2570 2442 Prae
2592 2396 2703 2463 Pag.
2734 2412 2811 2455 ι...

523 2466 752 2536 cunstis
783 2468 939 2529 enim
964 2466 1219 2529 ecclesiis
1248 2465 1414 2547 regni
1442 2461 1530 2528 sui
1561 2468 1623 2527 S.
1656 2464 1773 2525 Dei
1812 2466 2127 2547 genetricis
2156 2467 2365 2527 Mariae
2394 2464 2569 2530 Glas-
2595 2517 2614 2541 ,-

523 2572 659 2616 con:
699 2552 998 2617 ecclesiam
1043 2555 1178 2637 plus
1226 2553 1460 2627 dilexit,
1507 2554 1568 2615 &
1614 2570 1737 2634 prae
1782 2553 1991 2615 ceteris
2014 2550 2195 2635 longe
2234 2554 2437 2633 majori
2464 2555 2572 2617 de·

503 2642 766 2707 ,votione
797 2646 1112 2724 promovit.
1189 2640 1391 2714 Unde,
1431 2659 1570 2702 cum
1601 2638 1855 2703 bellator
1880 2640 2161 2713 extiterit,
2200 2640 2263 2701 in
2290 2642 2570 2705 anteriori

519 2742 692 2809 parte
713 2729 905 2811 clypei
951 2725 1040 2797 sui
1081 2728 1269 2793 beatae
1298 2728 1534 2809 virginis
1562 2728 1880 2808 imaginem
1908 2727 2179 2801 interim,
2225 2744 2297 2789 ut
2328 2748 2458 2791 eam
2482 2731 2567 2791 ‘in

521 2814 804 2879 confliRu
843 2836 964 2899 prae
991 2817 1181 2881 oculis
1221 2814 1446 2897 semper
1480 2813 1747 2886 haberet,
1796 2814 2039 2898 depingi
2080 2812 2346 2896 fecer-att
2392 2817 2571 2895 cujus

519 2902 585 2965 δι’
636 2905 838 2984 ρεάεε,
885 2904 1161 2986 quotiens
1214 2901 1436 2985 politus
1483 2902 1545 2965 in
1589 2899 2003 2983 congreffionis
2048 2901 2296 2963 articulo
2340 2900 2560 2980 fuer-at,

517 2986 847 3055 deosculari
875 3012 1014 3053 cum
1040 2991 1294 3073 plurima
1321 2990 1632 3051 devotione
1659 2984 2063 3054 consueverat.
2137 2991 2335 3069 Hujus
2364 3005 2561 3054 autem

516 3097 762 3158 corpuS,
809 3079 973 3159 quod
1001 3078 1167 3160 quali
1213 3076 1584 3145 fantasticum
1625 3078 1687 3137 in
1718 3076 1858 3150 fine,
1904 3077 1964 3138 ἃ
1992 3092 2277 3157 tanquam
2306 3098 2410 3159 per
2444 3075 2561 3160 spi-

513 3166 668 3227 ritus
697 3166 774 3226 ad
806 3164 1131 3249 longinqua
1164 3165 1530 3235 transsatum,
1559 3182 1753 3245 neque
1777 3163 1959 3225 morti
1986 3164 2317 3227 obnoxium
2346 3164 2565 3231 fabulae

517 3248 543 3298 b
584 3252 1023 3316 confinxerunt.
1116 3255 1225 3315 His
1255 3250 1460 3313 nostris
1491 3251 1721 3324 diebuS,
1769 3250 1932 3331 apud
1963 3248 2358 3327 Glasconiam,
2409 3255 2564 3317 iuter

518 3351 542 3385 ⁶
583 3340 806 3421 lapides
828 3330 1155 3421 pyramides
1179 3340 1350 3412 duae,
1372 3340 1432 3400 in
1451 3339 1783 3401 coemiterio
1803 3335 1974 3401 sacro
1986 3339 2290 3420 quondam
2314 3338 2561 3417 crestae,

515 3424 874 3507 profundius
905 3427 968 3487 in
997 3443 1150 3490 terra
1176 3446 1403 3509 quercu
1432 3445 1685 3493 concava
1735 3424 2133 3499 reconditum,
2180 3426 2241 3486 δι
2268 3425 2567 3509 signatum

511 3514 679 3577 miris
699 3512 728 3559 d
747 3514 994 3587 inditiis,
1042 3514 1100 3574 ἃ
1131 3514 1295 3595 quasi
1325 3512 1706 3585 miraculosis,
1751 3510 1837 3573 est
1864 3514 2193 3585 inventum,
2228 3514 2287 3574 ἃ
2316 3517 2375 3575 in
2407 3514 2557 3576 eccl:

513 3619 654 3663 cum
683 3601 910 3665 honore
941 3600 1303 3679 transsatum,
1351 3618 1805 3681 marmoreoque
1832 3600 2108 3663 decenter
2136 3600 2368 3662 tumulo
2394 3620 2563 3663 com·

513 3688 879 3753 mendatum.
973 3686 1148 3755 Unde
1198 3692 1256 3756 δι
1285 3708 1436 3750 crux
1466 3684 1745 3768 plumbea
1774 3686 1973 3767 lapide
2006 3701 2030 3734 e
2064 3686 2385 3768 supposito,
2434 3708 2560 3754 non

511 3770 797 3857 superius,
833 3789 902 3837 ut
929 3770 1093 3847 solet,
1134 3772 1232 3835 sed
1262 3773 1523 3839 inferiori
1555 3774 1755 3855 potius
1782 3794 1859 3836 ex
1888 3788 2068 3855 parte,
2112 3774 2317 3850 infixa,
2369 3769 2557 3858 quam

511 3881 622 3923 nos
666 3882 912 3946 quoque
937 3864 1200 3927 vidimus
1248 3862 1531 3944 (namque
1580 3860 1981 3941 tradiavimus)
2044 3862 2269 3925 litteras
2312 3862 2419 3924 has
2464 3866 2556 3925 in-

509 3946 789 4033 sculptas,
838 3952 898 4011 8c
945 3970 1066 4012 non
1097 3949 1420 4012 eminentes
1462 3962 1568 4009 aut
1612 3962 1902 4024 extanteS,
1946 3944 2046 4011 sed
2091 3949 2282 4033 magis
2309 3952 2559 4013 interius

579 4137 610 4181 a
645 4122 702 4169 F.
729 4118 982 4169 monaster:
1023 4117 1358 4169 Glasconienfe
1453 4119 1655 4185 regium,
1694 4120 1828 4169 cu‘us
1866 4120 1964 4171 (rc.
2064 4119 2089 4168 b
2124 4122 2203 4169 Ita
2224 4119 2345 4183 distin
2408 4122 2501 4170 'err
2514 4124 2567 4173 in

513 4186 616 4242 Cod,
637 4186 708 4235 M
713 4190 758 4239 S.
785 4189 1008 4249 Commate
1029 4194 1178 4243 tamen
1201 4187 1345 4235 utitur
1369 4134 1589 4234 ἐξαπάτα
1608 4185 1655 4233 in
1675 4188 1723 4232 A
1760 4186 1923 4235 ertione
1946 4184 2140 4235 Aruer-ii.
2199 4184 2264 4233 Et
2284 4202 2333 4234 re
2374 4188 2439 4235 ius
2450 4186 2567 4251 fov-

497 4250 639 4316 Jz'tan.
709 4250 778 4300 Ibi
805 4242 936 4299 eriath
975 4250 1304 4300 confinxerant
1327 4248 1472 4309 habet,
1605 4264 1628 4297 c
1645 4250 1799 4317 ‘Deest
1828 4248 2005 4317 lapides
2022 4251 2068 4311 in
2092 4248 2339 4319 Affirtinne
2359 4252 2561 4304 Arteri-

506 4316 539 4370 d
570 4315 660 4367 Sic.
793 4332 818 4365 e
847 4319 1142 4389 Super-polito
1159 4318 1206 4368 in
1226 4314 1476 4384 Affi'rtione
1496 4315 1692 4365 Artun'i.

1557 4394 1608 4455 B
1657 4409 1694 4464 2
2477 4390 2562 4465 ad
