3414 4866
724 205 1433 297 ANTIQUARII
1524 206 2388 276 coLLEcTANEA.
2745 224 2873 289 247

530 344 807 431 regulum
839 343 1074 427 agebat,
1123 342 1433 425 opulentia
1460 358 1661 405 rerum
1698 343 1758 404 &
1785 328 2092 406 monachis
2120 342 2409 427 implevit.
2441 338 2472 347 ‘⁰

626 432 1131 515 Magnanimitatis
1172 428 1353 511 ipsius
1397 446 1555 494 certe
1596 428 1679 491 est
1717 444 1744 474 α
1780 430 1871 489 in·
2221 438 2226 446 ’

530 520 750 584 ditium
782 518 1019 581 basilica
1046 519 1205 581 beati
1228 516 1419 595 Pauli,
1452 536 1634 602 quam
1668 517 1873 579 incho·
2034 561 2049 578 .
2285 560 2298 574 .
2590 585 2604 597 ο

529 611 651 670 avit
680 596 1040 669 Lundoniae·
1186 616 1197 623 .
1959 578 2081 623 avit
2109 559 2468 643 superiorem
2498 586 2593 647 pat
2609 582 2727 628 tem
2770 564 2921 627 bafi-

616 698 820 757 Locus
882 692 965 755 est
998 770 1003 775 ⁸
1038 694 1103 755 in
1176 689 1411 756 dioecefi
1471 690 1868 755 Londonienfi
1960 649 2092 799 hcael
2117 650 2432 754 ‚Panhnaeff
2699 736 2737 799 d
2819 692 2837 775 ζ

529 783 690 866 apud
736 778 1073 844 orientales
1121 784 1404 855 Saxones,
1470 781 1621 842 Chic
1666 780 1874 863 gentili
1959 738 2068 887 FC
2089 758 2172 802 ΠΕ
2189 738 2694 889 cgpoffmff'fllfo
2758 758 2923 833 ⁰²¹²?

523 870 823 932 vocabulo
864 868 1082 945 dietus,
1129 869 1239 931 ubi
1277 866 1363 931 est
1407 868 1597 931 beatae
1624 866 1869 943 ofithae,
2008 845 2190 889 anum
2295 844 2342 889 't
2388 846 2437 887 ae
2510 844 2703 887 ¹⁰¹⁰*

530 960 595 1020 in
638 956 933 1019 miraculis
978 953 1215 1019 famosae
1257 956 1523 1037 virginis,
1568 957 1819 1037 requies,
1907 957 2085 1019 Hunc
2119 956 2210 1021 vir
2249 962 2288 1003 Φ
2337 955 2436 1019 ille
2479 956 2581 1019 ali·
2611 954 2636 981 ⁶
2654 951 2922 1031 Richardffi

530 1047 774 1127 quantis
812 1045 977 1105 terris
1007 1044 1065 1105 &
1096 1041 1463 1129 regularibus
1492 1041 1757 1125 implevit
1785 1044 2103 1105 canonicis.
2611 1019 2856 1133 {ungarie

624 1133 818 1211 Hujus
874 1129 990 1193 loci
1034 1127 1153 1193 fuit
1174 1132 1409 1213 primus
1450 1133 1613 1211 prior
1642 1128 1984 1192 Gulielmus
2026 1130 2102 1193 de
2132 1130 2404 1207 corbuil,
2451 1127 2585 1215 qui,
2661 1098 2726 1146 qn
2817 1118 2836 1134 ’

534 1217 827 1281 defuneto
852 1219 1191 1300 Radulpho,
1218 1222 1501 1281 Cantuar:
1526 1216 1984 1299 archiepiscope,
2017 1219 2079 1279 in
2101 1219 2270 1281 illum
2295 1221 2590 1282 honorem

534 1303 779 1371 evestus
822 1305 923 1381 est,
970 1326 1176 1386 quem,
1224 1305 1499 1387 quamvis
1544 1306 1828 1367 monachi
1883 1305 2260 1385 trepidassent
2303 1309 2586 1389 accipere,
2625 1366 2632 1377 ,
2701 1297 2706 1310 ’

532 1384 709 1479 ¹quod
738 1392 983 1455 clericus
1010 1392 1168 1468 effet,
1217 1390 1367 1455 nihil
1396 1408 1591 1453 tamen
1617 1393 2035 1475 poenitendum
2073 1392 2236 1459 fecit.
2517 1450 2524 1459 .

629 1482 865 1545 Primus
886 1479 1279 1545 Orientalium
1299 1481 1637 1563 Anglorum
1660 1476 1967 1564 episcopus
1993 1478 2109 1545 fuit
2131 1482 2319 1559 Felix,
2351 1482 2592 1544 natione

529 1568 922 1653 BurgunduS.
1768 1589 1775 1596 ·
2441 1634 2448 1645 ,

628 1652 889 1719 Decursa
908 1658 1046 1719 vitae
1062 1670 1221 1719 meta
1251 1654 1379 1739 post
1408 1674 1595 1719 xvu.
1620 1675 1812 1717 annos
1833 1651 2198 1741 episcopatus
2223 1650 2489 1741 sepultus
2505 1654 2590 1719 est

534 1745 599 1807 in
642 1745 889 1807 Dunuic
917 1740 1071 1817 sede,
1120 1745 1259 1805 inde
1301 1742 1610 1805 transsatus
1650 1743 1728 1805 ad
1769 1745 1872 1803 Se·-

540 1834 702 1907 ham,
734 1851 873 1915 quae
904 1830 986 1893 est
1017 1830 1157 1893 villa
1176 1834 1355 1911 juxta
1374 1829 1670 1915 stagnum,
1700 1830 1874 1912 quod
2049 1832 2290 1905 Seharn,
2337 1852 2500 1894 nunc
2529 1834 2726 1898 Some.

528 1920 870 1982 volentibus
924 1920 1011 1980 ire
1066 1920 1130 1980 in
1181 1920 1293 2000 Ely
1350 1918 1661 2003 quondam
1721 1920 1871 2001 peri·
2047 1918 2389 1982 Salhamum
2403 1921 2572 1985 Felix
2590 1922 2918 1987 transsatus.

534 2003 800 2070 culosum
852 2006 1119 2081 navibuS,
1180 2027 1359 2083 nunc,
1414 2004 1573 2068 facia
1619 2005 1715 2069 via
1767 2026 1873 2088 per

541 2093 798 2177 palustre
828 2094 1312 2169 harundinetum,
1360 2094 1640 2155 transitur
1671 2094 1942 2177 pedibue.
2017 2093 2172 2155 Sunt
2197 2091 2288 2159 ibi
2311 2088 2338 2139 b
2373 2093 2588 2157 inditia

534 2182 753 2245 dirutae
778 2181 837 2243 &
872 2177 907 2243 εὶ
938 2183 1123 2243 Danis
1162 2178 1410 2259 incensae
1440 2180 1710 2245 ecclefiae.

625 2273 863 2349 Corpus
892 2288 1033 2331 vero
1078 2269 1280 2331 Sancti
1306 2268 1501 2331 multo
1548 2268 1676 2351 post
1709 2267 2044 2352 quaesitum,
2092 2268 2152 2331 &
2189 2284 2490 2350 repertum
2520 2270 2584 2334 in

538 2354 899 2420 Ramefienli
928 2356 1281 2419 monasterio
1310 2357 1635 2419 humatum
1653 2356 1759 2423 est.
2550 2405 2560 2415 .

592 2503 594 2506 Α
628 2448 791 2510 Tum
821 2443 955 2521 Bili,
1005 2446 1096 2507 vir
1126 2445 1488 2520 venerabiliS‚
1537 2445 1573 2508 ἐι
1599 2445 1933 2510 Theodoro
1959 2444 2395 2527 archiepiscopo
2429 2451 2586 2509 crea‘·
2608 2442 2701 2495 Bifi
2721 2443 2899 2510 epzsco-

540 2546 641 2596 tus
688 2528 1009 2615 episcopus,
1054 2535 1258 2616 quoad
1299 2547 1322 2580 0
1360 2536 1599 2617 propria
1638 2535 1916 2597 valetudo
1959 2531 2242 2616 permisit,
2299 2533 2426 2596 fine
2462 2536 2587 2598 cri·
2611 2513 2898 2627 ξξζῶῗφ

541 2621 703 2684 mine
730 2621 914 2682 vitam
956 2621 1154 2692 duxit.
1218 2622 1333 2685 Sed
1364 2619 1609 2686 adverso
1634 2621 1852 2685 morbo
1880 2636 2186 2705 correptus
2215 2621 2457 2684 duobus
2493 2621 2584 2686 lo·

540 2727 678 2774 cum
711 2708 902 2772 dedit.

628 2795 940 2858 Rexemnt
977 2817 1126 2882 ergo
1162 2796 1287 2860 duo
1328 2795 1588 2880 episcopi
1630 2793 1858 2874 semper
1891 2797 2246 2881 provinciam
2285 2795 2446 2860 illam
2494 2795 2587 2862 us·

544 2901 669 2964 que
713 2884 789 2944 ad
844 2898 1077 2967 tempus
1129 2885 1433 2968 Ecgberti,
1480 2884 1641 2969 regis
1686 2885 1879 2948 West-

540 2965 858 3044 saxonum,
886 2993 1149 3054 quorum
1172 2993 1331 3035 unus
1358 2973 1598 3039 sedebat
1624 2975 1685 3037 iu
1710 2977 1879 3038 Don-

546 3057 667 3136 uic,
713 3059 859 3121 alter
886 3062 1047 3140 apud
1076 3060 1415 3126 Helmham.
1889 3139 1894 3148 ⁵

588 3167 597 3176 '
678 3168 925 3230 Tempore
948 3166 1226 3226 Ludecanii‚
1257 3167 1381 3233 regis
1402 3169 1718 3227 Met-ciorum,
1752 3169 2034 3219 incursantis
2057 3167 2319 3218 orientales
2341 3168 2546 3235 AngloS.

636 3233 943 3297 Cess'arunt
963 3232 1352 3317 episcopum,
1372 3236 1430 3298 ὅτ
1451 3257 1527 3298 ex
1554 3237 1796 3298 duobus
1815 3258 1972 3300 unus
1993 3234 2190 3300 fastus
2215 3235 2410 3300 sedem
2433 3237 2598 3322 apud

542 3320 890 3404 Helmham,
933 3323 1137 3385 villam
1170 3343 1293 3385 non
1322 3325 1473 3386 adeo
1502 3323 1795 3405 magnam,
1841 3323 2088 3405 accepit.

636 3408 777 3472 Post
825 3410 1245 3472 Ethelmerum
1283 3408 1857 3484 fuit-Helmanenfis
1910 3410 2218 3494 episcopus
2262 3410 2864 3487 Herfastus,1-1erfastus

546 3498 677 3580 qui,
726 3518 798 3558 ne
830 3496 997 3559 ··nihil
1042 3495 1236 3559 fecisse
1287 3499 1605 3574 videretur,
1652 3497 1901 3561 ut'sunt
1947 3501 2277 3562 Normanni
2319 3497 2495 3560 famae
2533 3503 2592 3564 in
2611 3488 2853 3558 episcopus

2031 474 2354 539 Mauritius
2380 472 2684 560 episcopus
2712 475 2923 537 incho-

2058 2927 2396 2994 Helmham.

2058 3019 2360 3085 Ulmetum
2388 3015 2548 3084 sedes
2576 3013 2836 3104 episc0p=

488 3595 495 3602 '
549 3583 828 3646 futurum
861 3581 1273 3661 studiofiffimi‚
1320 3583 1726 3671 episcopatum
1755 3587 1831 3650 de
1851 3587 2171 3652 Helmham
2199 3585 2492 3650 transtulit
2519 3589 2594 3650 ad
2607 3551 2904 3684 gfflffssffl

552 3671 989 3736 Tethfordum.
2614 3683 2852 3736 Gulielmi

640 3758 779 3821 Post
836 3761 997 3823 hunc
1063 3759 1275 3824 diebus
1338 3760 1628 3825 Gulielmi
1680 3763 1944 3839 Junio'ris
2000 3763 2146 3826 emit
2199 3752 2754 3848 episcopatumr‘zss·

552 3844 1053 3912 Tethfordensem
1086 3849 1433 3923 HerbertuS,
1478 3869 1614 3932 cog:
1648 3849 1926 3932 Lofinga.
2558 3875 2570 3882 ·

640 3939 732 3996 Ita
778 3936 1108 4000 Hei-bertus
1154 3937 1406 4000 domurn
1454 3934 1718 4000 reversus
1757 3934 1954 4000 sedem
1997 3934 2385 4021 episcopalem
2422 3936 2600 4004 trans-
2719 3959 2726 3968 ·

554 4024 811 4104 portavit
859 4023 934 4085 ad
980 4023 1267 4106 insignem
1302 4025 1693 4086 mercimoniis
1732 4025 1790 4086 «Sc
1833 4027 2194 4107 populorum
2239 4024 2597 4108 frequentia,

553 4111 773 4182 vicum,
821 4112 1060 4173 nomine
1100 4113 1364 4174 Norwic.
1454 4113 1544 4172 Ibi
1588 4113 2016 4176 monachorum
2055 4115 2595 4197 congregationem,

556 4215 806 4260 numero
830 4197 891 4260 ἃ
916 4199 1201 4284 religione
1230 4198 1647 4282 percelebrem,
1694 4197 1962 4264 instituit.

669 4323 699 4376 ρ
732 4307 821 4366 Sic,
951 4306 979 4365 ὗ
1012 4310 1102 4372 866,
1234 4325 1258 4361 c
1290 4287 1517 4378 Prospera
1534 4309 1579 4360 in
1602 4309 1727 4376 MS,
1750 4309 1914 4372 Seller3
1946 4312 2000 4371 (2-
2025 4311 2116 4365 Ed.
2142 4311 2290 4364 Savil.
2313 4309 2488 4444 {Hias-

2367 4396 2606 4452 Iaeterest

2615 4263 2623 4296 ἦ
2671 4263 2677 4270 .
