3414 4866
552 177 689 259 &4
1206 130 2550 259 JoANNISLELANDI

924 312 1222 378 Duellum
1268 312 1641 398 defignatum
1685 316 1724 376 a
1767 331 1908 396 rege
1953 310 2267 375 Bristolliae
2317 309 2468 378 inter
2505 313 2786 400 Anglum
2837 316 2928 378 82

838 405 1137 478 Scottum,
1182 397 1285 464 sed
1312 423 1452 464 cum
1482 423 1687 485 pugna
1724 399 1960 464 instaret
1989 401 2229 485 Anglus
2260 401 2469 464 cauffae
2505 407 2921 482 renuntiavit,

835 491 1000 554 unde
1028 489 1257 553 traetus
1284 490 1343 552 &
1370 486 1651 572 supensus
1678 487 1781 552 est.

924 578 1216 641 Duellum
1262 579 1643 641 Conventriae
1682 575 2056 660 designatum
2101 577 2257 639 inter
2295 578 2619 641 Henricum
2661 585 2924 643 Lanca-

836 663 956 728 stre
1000 665 1221 730 ducem
1270 663 1629 740 Herfordiae,
1680 667 1742 731 δι
1784 665 2094 728 Thomam
2124 665 2446 746 Mowbray
2475 667 2680 730 ducem
2722 672 2921 731 Nor-³

835 751 1095 818 folchiae.
1168 753 1285 816 Sed
1315 775 1389 816 eo
1416 751 1677 827 instanti,
1728 773 1856 836 quo
1877 768 2047 815 erant
2076 751 2423 836 pugnaturi,
2470 775 2578 818 rex
2605 756 2769 818 litem
2794 755 2920 818 di·

835 843 1039 917 remit,
1082 841 1141 904 &
1188 842 1439 904 exilium
1496 841 1760 904 decenne
1806 841 2070 904 Henrico
2113 840 2364 904 multam
2413 839 2713 925 imposuit,
2762 863 2922 926 pera

834 944 1093 1013 petuum
1122 949 1266 992 vero
1295 929 1544 992 exilium
1576 929 1861 994 Thomae.

922 1021 1023 1096 Jo:
1064 1017 1143 1079 de
1170 1019 1400 1092 Gaunt,
1448 1017 1581 1080 dux
1610 1015 1981 1091 Lancastriae,
2029 1015 2188 1080 diem
2218 1015 2429 1079 clausit
2463 1031 2804 1080 extremum
2833 1017 2914 1083 in

834 1105 1029 1168 castro
1047 1105 1123 1167 de
1148 1102 1508 1187 Leyrcestre,
1542 1107 1602 1166 Sc
1626 1105 1888 1168 Londini
1907 1103 2071 1188 apud
2094 1108 2155 1165 S.
2182 1105 2432 1167 Paulum
2454 1102 2720 1188 sepultus
2750 1105 2862 1168 est.

928 1191 1263 1256 Richardus
1290 1212 1418 1270 rex,
1464 1192 1674 1256 audito
1702 1194 1966 1255 adventu
1993 1193 2233 1254 Henrici
2283 1192 2390 1254 filii
2420 1196 2522 1270 jo:
2558 1194 2635 1256 de
2666 1197 2914 1269 Gaunt‚

504 1333 535 1361 ,
560 1329 797 1395 corrupte
838 1279 1086 1365 reliquit
1116 1281 1487 1357 Hiberniam,
1534 1281 1595 1342 &
1638 1299 1784 1344 cum
1810 1281 2073 1343 exercitu
2102 1273 2388 1362 applicuit
2421 1283 2598 1362 juxta
2637 1280 2918 1346 castrum

498 1396 663 1445 forsan
695 1411 783 1460 pro
841 1368 919 1434 de
946 1373 982 1412 ²*
1014 1369 1367 1450 Barclowly,
1412 1369 1524 1432 ubi
1566 1389 1780 1450 parum
1807 1370 2123 1450 requievit.

500 1463 732 1531 eonwey.
927 1458 1012 1519 D.
1044 1457 1190 1519 Gul.
1219 1459 1437 1539 Scrope
1466 1453 1861 1519 thesaurarius
1877 1455 2134 1539 Angliae,
2182 1456 2268 1520 D.
2291 1455 2436 1520 Gul.
2467 1460 2706 1519 Greene
2727 1458 2792 1518 8c
2815 1459 2912 1522 Da

837 1547 1099 1626 Joannes
1122 1543 1374 1607 Buss'che
1402 1544 1616 1608 milites
1636 1543 1909 1608 decollati
1939 1540 2076 1608 sunt
2103 1541 2433 1620 Bristolliae,
2454 1545 2713 1624 jubente
2733 1548 2914 1610 Heu-1

838 1633 967 1699 rico
996 1629 1337 1697 Lancastre.
1378 1671 1382 1684 ·
1785 1671 1794 1678 -
2287 1711 2290 1716 Ι

926 1720 1268 1785 Richardus
1296 1739 1407 1782 rex
1434 1717 1586 1785 clam
1614 1719 1836 1784 receffit
1863 1717 1939 1782 ad
1969 1709 2226 1782 castrum
2257 1717 2335 1782 de
2363 1719 2538 1786 Flint.
2793 1795 2800 1800 .

805 1813 810 1828 ’
930 1809 1227 1874 Henricus
1250 1805 1565 1872 Lancastre
1585 1809 1730 1874 exul
1759 1808 2050 1890 applicuit
2071 1810 2134 1871 in
2156 1806 2539 1892 Bridlington
2559 1807 2618 1872 δι
2643 1807 2864 1876 Hullea

1701 1895 2021 1960 Lelandus.
2867 1915 2880 1924 ·

928 1985 1065 2067 Ego
1090 1983 1233 2047 alias
1259 1983 1371 2068 legi
1404 1983 1742 2068 applicuisse
1773 1981 1939 2044 illum
1971 1982 2133 2064 apud
2162 1981 2501 2064 Grimeiby.

928 2073 1265 2137 Concordia
1304 2072 1461 2136 faita
1490 2075 1647 2137 inter
1690 2072 2014 2136 Henricum
2045 2069 2361 2134 Lancastre
2393 2069 2453 2133 δι
2483 2069 2697 2135 ducem
2733 2071 2909 2136 Ebo'⁴

1402 2199 1430 2231 Β

847 2245 1143 2315 racensem
1173 2251 1331 2333 apud
1361 2241 1651 2332 Berkeley
1677 2237 1876 2341 casiel.
2405 2327 2409 2332 .

936 2341 1125 2404 Heres
1174 2339 1431 2404 Thomae
1462 2335 1857 2410 Woodestok,
1905 2334 2075 2398 ducis
2120 2325 2488 2410 Glocestriae,
2535 2331 2612 2398 ab
2641 2331 2912 2396 Henrico

847 2425 1167 2491 Lancastre
1193 2422 1497 2491 accersitus
1526 2417 1680 2489 inter
1712 2417 2084 2488 redeundum
2113 2423 2401 2510 abexilio
2429 2445 2589 2487 mare
2617 2424 2815 2506 periit.

844 2550 853 2560 -
932 2516 1271 2579 Richardus
1299 2536 1405 2578 rex
1433 2513 1654 2577 dustus
1684 2506 1763 2575 ad
1792 2511 2049 2575 castrum
2079 2513 2153 2576 de
2188 2516 2478 2594 Conwey.
2849 2508 2864 2513 ’

933 2606 1213 2667 Thomas
1242 2623 1441 2666 comes
1478 2601 1553 2663 de
1581 2601 1852 2666 Warwik
1878 2601 2023 2665 exul
2052 2602 2114 2663 in
2141 2602 2418 2667 Mevania
2452 2613 2764 2664 revocatus
2795 2618 2912 2681 pet

845 2691 1171 2756 Henricum
1204 2688 1543 2753 Lancastre.
2731 2760 2735 2765 .

540 2783 657 2852 rag.
685 2800 798 2847 34‘1·
974 2785 1077 2843 Ex
1106 2778 1362 2845 chronico
1392 2778 1605 2843 incerti
1632 2778 1862 2841 autoris
1902 2774 2051 2861 quod
2089 2775 2167 2855 est
2195 2779 2382 2841 Oxon:
2415 2777 2478 2839 in
2517 2772 2770 2837 biblioth:

1594 2863 1886 2947 Lindensis
1917 2866 2155 2947 collegii.

932 2954 1238 3031 CelreduS,
1284 2976 1391 3019 rex
1428 2955 1818 3029 Merciorum,
1864 2949 2191 3016 secundum
2236 2951 2384 3015 Gul:
2430 2948 2906 3013 Malmesbirien-

842 3040 987 3119 sem,
1039 3054 1120 3129 ς’.
1154 3042 1433 3107 successit.
1525 3045 1639 3105 Hic
1670 3040 1791 3104 fuit
1823 3040 1982 3103 filius
2015 3039 2344 3113 Efficit-edi,
2395 3040 2500 3120 qui
2528 3037 2812 3101 Kenredo
2840 3038 2906 3099 in

845 3153 1032 3215 regno
1060 3130 1343 3209 successit,
1373 3132 1480 3215 qui
1502 3129 1652 3193 ficut
1679 3130 1906 3191 virtute
1931 3128 2234 3203 mirabiliS,
2265 3127 2346 3187 ita
2363 3124 2679 3187 immatura
2709 3139 2906 3185 morte

509 3210 698 3292 Alvyius
714 3210 827 3291 9⁶¹·
846 3217 1197 3283 miserabilis
1225 3216 1367 3281 fuit.
1456 3218 1774 3301 Siquidem
1802 3238 1924 3279 non
1959 3218 2117 3277 ultra
2147 3220 2207 3276 8.
2240 3234 2421 3275 annos
2449 3232 2635 3295 regno
2679 3207 2905 3273 satisfa-

509 3279 755 3393 ξξξζεζῗὲω
848 3306 1009 3372 ciens
1045 3302 1365 3371 Lichefeld
1408 3300 1818 3379 conditus'est,
1867 3303 2079 3368 relisto
2107 3300 2468 3364 Ethelbaldo
2495 3298 2714 3362 herede
2762 3314 2903 3383 pro-

846 3411 1063 3479 nepote
1092 3395 1334 3469 Pendae‚
1360 3414 1459 3456 ‘ex
1486 3392 1691 3456 Alwio
1737 3389 1938 3457 fratre.
2115 3468 2118 3473 Ι
2301 3468 2310 3477 ¹

511 3489 685 3551 Longa
715 3487 826 3550 Spa·
936 3486 1113 3545 Anno
1144 3486 1225 3545 D.
1267 3500 1455 3545 1222.
1504 3483 1563 3543 in
1592 3480 1742 3543 festo'
1784 3480 1850 3543 S.
1880 3474 2252 3561 Magdalenae
2289 3474 2654 3539 Wilhelmus
2691 3475 2904 3556 Longa

511 3552 617 3602 ²¹²³·
850 3574 1054 3653 Spata‚
1102 3592 1301 3635 comes
1334 3573 1566 3643 Sarum,
1617 3568 1734 3630 deo
1765 3568 1823 3627 8<
1842 3564 2036 3628 ordini
2061 3563 2348 3627 Cartufiae
2376 3564 2540 3626 dedit
2564 3562 2900 3624 manerium

846 3656 1027 3721 suum
1047 3659 1122 3721 de
1145 3658 1444 3739 Hethorp.
1473 3651 1477 3656 ’
1508 3656 1626 3719 Sed
1650 3656 1796 3737 quia
1812 3654 1875 3716 hi
1904 3652 2014 3736 qui
2036 3653 2113 3713 ad
2141 3651 2348 3716 locum
2371 3653 2547 3717 illum
2568 3648 2763 3712 ordini
2787 3645 2898 3713 suo

846 3761 875 3791 α
914 3761 1355 3831 competentem
1412 3764 1531 3806 non
1582 3742 1932 3817 innuebant,
1980 3742 2090 3803 Eia
2139 3740 2360 3803 nobilis
2407 3737 2643 3813 mulier,
2695 3734 2898 3797 relifta

893 3830 968 3867 ..Ρ-ξ.

509 3944 787 3994 Henetoun.
848 3918 1123 4001 praedi&
1151 3920 1412 3993 comitis»,
1460 3915 1754 3981 transtulit
1794 3936 1895 3979 eos
1937 3913 2010 3975 ad
2034 3913 2364 3989 manerium
2396 3911 2472 3975 de
2495 3915 2790 3984 Hentona,
2838 3911 2898 3973 &

849 4010 913 4069 in
962 4026 1131 4089 parte
1182 4000 1443 4089 ejusdem
1502 4003 1755 4069 manerii
1799 4001 2079 4071 fundavit
2129 4001 2432 4087 ecclefiam
2481 4018 2694 4061 eorum
2741 4004 2898 4061 anno

848 4099 932 4159 D.
987 4115 1007 4155 1
1026 4115 1173 4174 227.
1238 4098 1299 4157 8.
1351 4094 1494 4155 Idus
1545 4094 1928 4156 Novembris.
2017 4094 2174 4173 Qae
2233 4088 2431 4171 postea
2477 4084 2895 4147 monasterium

510 4196 693 4253 Lacok.
846 4182 1379 4247 sanctimonialium
1400 4180 1733 4246 construxit
1755 4174 1818 4242 iri
1841 4180 2102 4241 manerio
2130 4176 2236 4239 suo
2259 4177 2330 4242 de
2356 4178 2578 4251 Lacok‚
2607 4173 2666 4235 &
2693 4190 2896 4235 earum

1564 4318 1596 4351 a
1632 4301 1724 4364 Sic,
1757 4315 1856 4349 cum
1878 4298 2009 4366 signo
2027 4296 2114 4364 suh
2143 4312 2186 4347 c.

2624 4357 2889 4425 habitum
