3414 4866
684 256 1385 347 ANTIQUARII
1472 229 2338 322 COLLECTAN.EA.'
2706 256 2838 348 361·

464 465 479 490 ,
514 397 858 486 ’”8ξῃιιίωι’
906 399 1133 466 ibidem
1178 397 1419 464 libellus
1468 395 1681 460 Alredi
1737 396 2126 462 Rievallenfis
2173 401 2408 468 abbatis
2461 400 2540 466 de

650 489 811 554 bello
856 487 1275 562 StandardicO,
1308 488 1481 574 ‘data‘
1500 505 1683 568 opera
1715 486 1750 546 a
1775 489 2006 568 Joanne
2042 490 2248 558 Priore
2283 495 2535 576 Haugu·

646 575 921 642 staldenfi
948 574 1070 637 suae
1109 573 1383 638 Historiae
1411 570 1678 650 insertuS,
1725 593 1804 638 ex
1830 595 1960 656 quo
2008 571 2164 660 (supz
2196 577 2401 642 libello
2428 579 2538 641 Al·

648 665 805 746 redi)
854 664 983 726 haec
1009 683 1153 745 quae
1181 660 1461 726 soeuntur
1488 658 1783 748 exscripta
1809 659 1970 726 sunt.
2086 662 2146 700 ⁸·

464 805 475 814 .
550 750 779 814 Adfuit
801 753 860 814 &
881 751 1184 814 Walterus
1212 748 1422 832 Espec,
1453 747 1542 812 v'ir
1568 743 1761 822 senex,
1797 751 1860 812 &
1891 747 2097 831 plenus
2115 750 2370 828 dierum,
2397 775 2532 817 acer

446 839 735 924 ingenie,
780 841 843 901 in
858 838 1119 902 confiliis
1142 841 1423 920 prudens,
1470 841 1533 900 in
1566 857 1710 918 pace
1737 836 2058 913 modestus,
2087 838 2169 902 .in
2199 841 2362 904 bello
2388 863 2530 924 pro·

453 930 682 1003 vidus,
748 927 1071 990 amicitiam
1136 922 1337 1004 sociiS,
1412 925 1597 988 fidem
1656 922 1884 1008 semper
1953 925 2200 1010 regibus
2273 925 2525 994 servans.

453 1019 623 1080 Erat
666 1015 722 1078 ei
772 1011 1010 1092 statura,
1030 1013 1263 1099 ingene,
1309 1013 1583 1076 membra
1612 1013 1814 1076 omnia
1867 1029 2046 1076 tantvae
2076 1017 2522 1100 magnitudinis,
2569 1020 2690 1102 pag..
2710 1040 2831 1086 313«

351 1123 361 1130 ·
456 1117 539 1166 ut
568 1101 824 1164 modum
852 1101 1223 1177 excederent,
1254 1101 1313 1166 ἃ
1340 1117 1524 1166 tantae
1550 1101 1894 1184 proceritati
1922 1121 2348 1186 congruerent..
2413 1109 2527 1168 Ca·
2546 1089 2718 1202 &³¹¹⁵

454 1189 600 1272 pilli
624 1190 803 1272 nigri,
836 1189 1021 1253 barba
1037 1187 1292 1272 prolixa,
1324 1187 1491 1258 frons
1518 1204 1726 1270 patens
1753 1189 1813 1250 8τ
1843 1188 2050 1264 libera,
2081 1191 2243 1252 oculi
2269 1194 2526 1276 grandes
2589 1163 2710 1219 φας’

457 1279 528 1350 8(
582 1273 967 1359 perspicacem
1014 1275 1190 1340 facies
1236 1275 1608 1360 amplissima,
1658 1274 1916 1338 tractitia
1948 1290 2164 1351 tamen,
2211 1299 2333 1341 vox
2362 1281 2528 1344 tubae

458 1361 675 1427 fimilis
704 1361 1065 1438 facundiam,
1110 1383 1248 1448 quae
1292 1366 1347 1426 ei
1374 1361 1561 1428 facilis
1588 1379 1737 1438 erat,
1783 1364 2042 1445 quadam
2071 1362 2193 1428 soni
2223 1365 2528 1446 majestate

460 1471 859 1535 componens·
950 1455 1094 1522 Erat
1124 1465 1406 1535 praeterea
1448 1449 1661 1514 nobilis
1704 1470 1900 1524 carne,
1945 1448 2044 1514 sed
2073 1451 2402 1516 Christiana
2433 1458 2527 1538 pi-

460 1553 631 1606 etate
677 1540 951 1614 nobilior,
1020 1559 1235 1625 nempe
1282 1559 1423 1604 cum
1472 1537 1673 1602 liberis
1729 1555 1950 1601 careret
1999 1539 2337 1618 heredibus,
2383 1543 2528 1606 licet

460 1629 523 1692 ei
552 1625 771 1690 strenui
818 1643 1063 1711 nepotes
1092 1647 1213 1690 non
1240 1626 1516 1702 deessent,
1562 1626 1639 1688 de
1660 1625 1920 1709 ⁴optimis
1958 1641 2156 1702 tamen
2183 1625 2528 1714 quibusque

463 1713 913 1799 poffeffionibus
954 1711 1073 1776 suis
1103 1714 1403 1784 Christum
1444 1711 1585 1778 fecit
1616 1714 1918 1778 heredem.
2007 1717 2162 1778 Nam
2195 1718 2254 1778 in
2284 1717 2420 1780 loco
2461 1739 2524 1780 a-

464 1802 847 1877 moeniffimo,
894 1803 1181 1866 Kirc-ham
1210 1805 1471 1876 nomine,
1506 1801 1930 1864 monasterium
1955 1800 2520 1886 Regulariumcon·
2539 1822 2696 1888 Origo
2713 1839 2823 1872 mo·

468 1889 627 1956 didit
648 1889 1033 1964 clericorum,
1080 1889 1287 1952 multis
1329 1887 1481 1952 illud
1509 1889 1766 1955 donariis
1808 1908 2028 1952 ornans
2065 1891 2132 1952 ἃ
2164 1892 2359 1954 ditans
2395 1893 2519 1976 pos·
2542 1890 2731 1974 nritterii
2753 1890 2811 1938 ἀΰ

468 1974 837 2052 seffionibuS.
928 1973 1173 2059 Insuper
1222 1979 1282 2041 &
1322 1977 1540 2060 palatia
1579 1973 1701 2050 sua,
1751 1974 2040 2042 thalamos
2086 1973 2242 2053 suos,
2291 1979 2524 2044 cellaria
2545 1953 2794 2004 isacham.

467 2059 575 2128 sua
603 2068 667 2129 in
686 2063 988 2130 servorum
1019 2062 1240 2128 christi
1270 2064 1605 2128 habitacula
1634 2080 2032 2144 commutans.
2099 2065 2524 2133 cistertiensem
2547 2084 2698 2148 Origo
2723 2084 2858 2132 Riae-

466 2173 721 2237 quoque
748 2152 1039 2228 ordinem,
1085 2154 1257 2233 cujus
1287 2155 1389 2216 vix
1423 2149 1649 2214 famam
1675 2151 1983 2214 audiverat
2011 2154 2248 2236 Anglia,
2297 2147 2760 2220 faventevallensls
2784 2213 2815 2225 ..

466 2239 583 2304 fibi
611 2236 869 2324 glorioso
914 2261 1055 2323 rege
1098 2242 1377 2314 Heni-icc,
1422 2241 1487 2302 in
1525 2239 1633 2302 has
1666 2255 1860 2321 partes
1902 2241 2165 2316 advexit,
2209 2237 2528 2324 suscipiens
2544 2212 2836 2263 monasterii.

469 2326 689 2392 fratres
732 2327 811 2392 de
854 2325 1211 2392 monasterio
1256 2327 1615 2392 nobilissimo
1654 2326 2062 2390 Clarevallenfi
2094 2349 2195 2409 per
2221 2350 2464 2392 manum
2495 2330 2530 2392 a
2627 2375 2632 2382 .

472 2417 593 2479 deo
620 2413 824 2479 dileffi
852 2416 1087 2481 abbatis
1115 2415 1421 2479 BernardI.
1487 2414 1614 2502 Qi
1645 2417 1944 2479 venientes
1974 2417 2032 2479 in
2055 2416 2338 2500 Angliam
2368 2440 2532 2481 anno

478 2508 565 2569 D.
616 2523 805 2587 1132.
854 2505 1013 2567 naffl
1066 2504 1266 2569 locum
1312 2503 1377 2567 in
1423 2504 1574 2567 valle
1627 2500 2073 2586 profundiffima
2123 2503 2294 2587 super
2336 2509 2530 2588 ripam

477 2592 607 2653 Riae
635 2592 745 2655 flu:
787 2593 945 2656 unde
990 2589 1182 2675 ipsum
1226 2590 1643 2655 monasterium
1670 2591 1972 2653 Riaevallis
2017 2582 2232 2655 iiomen
2277 2596 2528 2677 accepit,

478 2681 700 2743 multos
738 2677 859 2743 suae
889 2681 1195 2763 religionis
1238 2676 1401 2741 fama
1452 2678 1527 2739 ad
1570 2681 1862 2762 optimam
1912 2677 2354 2743 aemulationem
2386 2683 2531 2744 inci-

416 2808 421 2815 -
480 2781 773 2835 taverunt.
864 2770 1043 2834 Unde
1070 2770 1131 2831 in
1175 2767 1343 2830 brevi
1373 2765 1752 2849 multiplicati
1779 2762 1955 2851 super
2002 2787 2344 2841 numerum,
2394 2769 2529 2850 plu·
2625 2756 2634 2783 ‘

480 2856 627 2917 rima
674 2858 735 2927 in
783 2876 973 2939 regno
1017 2872 1297 2938 utroque,
1339 2855 1573 2937 Angliae
1616 2851 1834 2917 scilicet
1876 2854 1935 2917 &
1977 2856 2209 2933 Scotiae,
2257 2857 2533 2919 coenobia

480 2942 894 3007 condiderunt.
983 2946 1146 3006 Nam
1174 2942 1493 3026 praedictus
1528 2942 1850 3017 Walterus,
1895 2962 2020 3005 nou
2048 2944 2196 3005 dum
2241 2941 2533 3007 tantis-sa-

484 3031 655 3092 tiatus
696 3031 1018 3106 beneficiiS,
1065 3033 1127 3093 in
1168 3032 1467 3093 territorio
1514 3029 1916 3117 Wardunenfi
1958 3029 2396 3093 famofiffimum
2427 3053 2535 3115 per.
2549 3062 2764 3113 verodu-

485 3114 713 3183 eosdem
754 3114 965 3181 fratres
1005 3116 1283 3181 fundavit
1327 3115 1766 3189 monasterium.
1839 3116 2242 3183 Waverlenses
2284 3140 2533 3203 quoque
2551 3143 2691 3176 num·

488 3204 716 3281 fratreS,
778 3208 885 3287 qui
938 3206 1244 3269 hastenus‘
1268 3204 1435 3287 quali
1488 3208 1547 3267 in
1589 3204 1835 3287 Angulo
1890 3202 2215 3282 latuerunt,
2261 3210 2529 3291 cognito,
2554 3194 2749 3291 gratier,

488 3293 649 3377 quod
698 3291 959 3375 ejusdem
1011 3293 1189 3358 elsent
1239 3292 1485 3366 ordiniS,
1534 3288 1998 3355 Cistertienlium
2043 3292 2530 3358 monasteriorum
2548 3262 2767 3373 1223?-

488 3396 772 3445 auxerunt
800 3401 1142 3456 numerum.
1218 3385 1309 3443 Ita
1328 3379 1427 3442 alii
1454 3381 1529 3443 ab
1552 3378 1690 3462 ipsis
1715 3380 2194 3443 Riaevallenfibus
2218 3382 2533 3464 procreati,

492 3470 583 3531 alii
609 3488 819 3531 eorum
847 3470 1125 3551 exemplo
1166 3469 1473 3551 provocati
1518 3468 1728 3529 multis
1753 3468 2044 3530 coenobiis
2084 3465 2340 3533 insulam
2367 3470 2538 3533 clari-

492 3577 643 3619 orem
693 3555 1105 3623 reddiderunt.
1196 3557 1372 3617 Unde
1415 3576 1523 3617 nec
1566 3556 1866 3617 immerito
1908 3556 2252 3643 coenobium
2283 3558 2533 3619 Riaeval-

494 3642 639 3711 leuse
664 3646 893 3718 ceteriS,
926 3663 1067 3725 quae
1087 3645 1155 3707 in
1176 3642 1399 3726 Anglia
1426 3640 1561 3705 suut
1590 3641 1852 3719 eiusdem
1881 3643 2128 3719 ordiniS,
2157 3644 2316 3707 fama
2345 3646 2405 3711 δε
2433 3666 2528 3709 re-

496 3729 705 3816 ligione
742 3732 1043 3812 praecellit.
1939 3782 1944 3788 .
1979 3744 1998 3758 ³
2291 3756 2300 3765 ·

646 3819 887 3883 'Ibidem
916 3818 999 3881 est
1029 3816 1221 3883 oratio
1246 3816 1520 3881 Gualteri
1548 3814 1635 3880 Es
1627 3838 1735 3901 pec
1763 3817 1839 3880 ad
1868 3818 2102 3901 Anglos
2135 3836 2527 3903 pugnaturos,

746 3908 887 3969 artis
916 3908 975 3969 &
1002 3909 1273 3971 omnium
1302 3904 1650 3969 adfeEtuum
1680 3906 2021 3987 pleniffima.
2161 3974 2170 3985 ‚

512 4010 517 4017 ·
572 3996 779 4063 Oratio
792 3995 1017 4059 ibidem
1040 3995 1343 4057 Rodburti
1358 3994 1431 4055 de
1443 3997 1597 4057 Brus
1616 3996 1691 4057 ad
1713 3992 1932 4069 David,
1948 4014 2144 4081 regem
2165 3997 2530 4064 Scottorum.

656 4086 812 4165 Quae
842 4079 1115 4146 secuntur
1156 4104 1237 4145 ex
1262 4081 1573 4145 annalibus
1600 4080 1865 4161 Joa‘nnis,
1912 4076 2146 4145 Prioris'
2169 4080 2532 4165 Haugustal-

508 4225 515 4235 .
563 4234 568 4243 ,
656 4168 1152 4254 denfis„sumpta
1178 4168 1336 4246 sunt,
1382 4168 1898 4253 quemadmodum
1940 4172 1999 4231 &
2027 4167 2221 4258 supra.

573 4256 770 4319 David
810 4278 916 4321 rex
944 4261 1089 4321 duas
1129 4254 1352 4323 sorores
1382 4257 1611 4332 habuit,
1657 4257 1909 4321 Mariam
1945 4259 2007 4319 «Sc
2043 4254 2362 4321 Matildem
2391 4278 2534 4341 quae

502 4342 684 4429 nupsit
732 4346 991 4411 Henrico
1034 4347 1179 4441 regi.
1270 4348 1523 4437 Mariam
1567 4365 1709 4407 vero
1751 4364 1948 4409 comes
1994 4344 2373 4410 Bononiensis
2420 4348 2528 4408 ad·

500 4446 521 4463 ‘⁴
582 4436 907 4519 TOMJI.
970 4480 981 4487 -
1106 4440 1121 4453 ⁹
1588 4416 1716 4505 Z¹z
2021 4476 2034 4505 2
2283 4430 2534 4527 sumpsit
