3414 4866
615 248 694 309 1⁴

521 351 654 401 Laus
677 349 814 413 Hen-¹

519 416 612 466 εἰεί
631 412 703 468 70¹

1181 211 1791 300 JOANNIS
1902 211 2565 276 LELANDI.

939 339 1110 410 Adeo
1155 340 1444 425 fiquidem
1489 361 1596 423 per
1631 337 1973 402 universum
2020 342 2227 406 orbem
2270 343 2523 406 nominis
2568 343 2696 426 ejus
2746 335 2903 408 fama

847 429 1095 492 celebris
1124 432 1414 524 extiterat,
1463 445 1532 491 ut
1560 425 1701 512 ipsa,
1739 448 1858 513 prae
1884 429 2114 491 cunctis
2143 445 2312 491 terrae
2336 431 2598 514 regibus,
2643 450 2710 492 ac
2739 431 2901 515 prin-

852 518 1112 600 cipibus,
1153 499 1234 579 8τ
1280 516 1582 594 fidelibus,
1649 517 1725 578 ad
1776 516 2032 600 gloriam
2078 515 2281 594 fuerit,
2334 519 2393 579 &
2444 517 2771 602 gentilibus
2818 519 2899 582 ad

856 621 1164 670 terrorem.

939 693 1256 775 Philippus
1299 710 1498 757 comes
1542 689 1855 769 Flandriae,
1904 692 2145 758 Henrici
2186 693 2339 778 regis
2383 711 2461 755 ex
2488 693 2667 755 amita
2694 689 2899 756 conso·

783 845 790 855 ,
853 780 1088 846 brinuS.

941 873 1102 930 Tres
1149 867 1298 933 filias
1326 866 1471 944 suaS,
1519 887 1666 951 quas
1697 867 1774 931 de
1803 867 1984 930 nobili
2012 867 2269 931 Alenora
2315 868 2520 952 regina
2548 863 2895 950 susceperat,

855 956 935 1020 ad
984 971 1098 1017 tres
1141 959 1397 1038 Europae
1439 971 1630 1038 partes
1659 955 1959 1038 oppositas
1993 954 2323 1019 destinavit.
2415 957 2732 1019 Saxoniarn
2775 957 2897 1038 pri-

855 1063 1015 1107 mam
1048 1045 1302 1106 Henrico
1347 1044 1486 1106 duci
1534 1046 1817 1118 Saxoniae,
1868 1039 2201 1124 Hispaniam
2239 1041 2557 1106 fecundam
2604 1045 2730 1126 regi
2761 1047 2898 1106 To·

855 1131 1034 1194 letani
1067 1133 1126 1193 δε
1166 1129 1400 1193 Castelli
1438 1129 1785 1212 Alphons0,
1767 1157 1783 1172 ·
1834 1131 2087 1193 Siciliam
2131 1132 2365 1194 tertiam
2394 1129 2701 1193 Gulielmo
2730 1133 2899 1194 Sicu·

817 1220 1052 1283 -Jforum
1097 1221 1244 1302 regi.
1339 1219 1433 1280 Ex
1460 1217 1664 1280 eadem
1710 1218 1971 1280 Alenora
2020 1217 2120 1282 sex
2156 1239 2404 1301 quoque
2448 1217 2603 1279 filios
2645 1218 2901 1300 inclytos

853 1304 1121 1390 suscepit,
1168 1326 1430 1388 quorum
1461 1305 1747 1367 duobus·
1732 1327 1793 1368 m
1826 1307 2038 1369 teneris
2066 1309 2231 1370 annis
2261 1321 2615 1390 praemature
2634 1301 2899 1382 sublatis,

853 1412 1112 1479 quatuor
1141 1394 1360 1458 adultis
1407 1394 1538 1475 plus
1581 1407 1747 1474 pater
1774 1396 1834 1456 in
1878 1392 2025 1456 flore
2064 1414 2249 1476 quam
2290 1395 2349 1454 in
2400 1392 2621 1465 fruciu,
2672 1393 2848 1472 plus'
2835 1414 2901 1456 m

853 1484 1038 1547 herba
1079 1503 1261 1565 quam
1303 1483 1364 1542 in
1406 1479 1580 1563 spica,
1626 1482 1763 1562 plus
1804 1483 1867 1543 in
1897 1482 2097 1564 pueris
2138 1501 2321 1564 quam
2368 1481 2430 1542 in
2460 1481 2753 1566 proveffis
2794 1501 2902 1565 ga·

856 1566 1013 1633 visus
1043 1569 1149 1632 est.

945 1659 1238 1720 Henricus
1271 1675 1332 1721 2
1376 1653 1648 1718 distraxit
1673 1655 1998 1719 Alenoram
2041 1675 2291 1720 uxorem
2330 1651 2493 1718 suam
2530 1677 2563 1718 a
2591 1655 2909 1720 Ludovico

859 1747 909 1811 F
910 1766 1071 1807 rane
1105 1765 1262 1826 rege.
2461 1783 2470 1798 .

947 1835 1156 1895 Petrus
1185 1832 1260 1892 de
1295 1833 1594 1913 Curreney
1622 1829 1806 1898 frater
1851 1831 2142 1894 Ludovici
2172 1831 2326 1915 regis
2354 1831 2562 1893 Franc:

948 1923 1093 1982 Tria
1133 1917 1502 1993 monasteria,
1549 1939 1683 2000 quae
1725 1923 1786 1981 in
1835 1922 2329 2004 peregrinationis
2368 1915 2905 2002 compensationem

857 2005 1049 2070 facere
1078 2007 1384 2081 debuerat,
1430 2006 1509 2067 fic
1543 2004 1704 2068 fecit·

948 2096 1284 2159 canonicos
1314 2095 1476 2176 apud
1501 2093 1830 2170 waltham,
1861 2095 1937 2157 ab
1966 2095 2215 2176 antiquo
2236 2092 2604 2178 singulariter
2627 2095 2687 2156 8c
2708 2090 2905 2156 sancie

778 2167 790 2176 ”
857 2185 996 2244 Deo
1043 2181 1373 2255 servientes,
1439 2183 1498 2244 in
1549 2182 1995 2244 conventualem
2040 2201 2542 2263 communemque
2580 2183 2781 2255 vitam,
2838 2182 2904 2242 &

595 2890 708 2955 Pag.
735 2898 810 2941 18.

856 2270 1150 2354 regulam,
1198 2269 1377 2350 regali
1409 2267 1692 2351 potestate
1721 2270 1966 2352 redegit.
2056 2271 2351 2332 Moniales
2379 2269 2455 2332 de
2488 2268 2899 2350 Ambrelbyri,

856 2358 978 2420 hoc
1003 2356 1106 2432 est,
1140 2357 1215 2418 de
1239 2355 1537 2418 Ambrofii
1566 2359 1752 2431 curia,
1786 2357 2113 2439 antiquitus
2138 2358 2445 2439 plantatas,
2476 2358 2811 2440 extirpavit,
2840 2356 2902 2418 &

855 2446 1017 2520 alias„
1049 2445 1111 2508 id
1135 2443 1237 2521 est,
1273 2441 1694 2520 transmarinas,
1728 2445 1803 2507 de
1832 2448 2022 2513 Fonte
2044 2446 2299 2509 Ebcardi
2320 2446 2604 2509 violenter
2634 2441 2903 2507 intrufit.

859 2536 1142 2597 Tertium
1173 2555 1315 2595 vero
1343 2533 1435 2594 vel
1464 2532 1696 2595 nullum
1729 2535 1821 2595 vel
1852 2532 2035 2595 fimile
2064 2525 2366 2615 prioribu's
2407 2532 2634 2614 sibique
2665 2527 2900 2612 prorsus

855 2622 1066 2683 inutile
1095 2618 1262 2693 fecit.
1352 2620 1477 2681 Nifi
1529 2619 1684 2683 forte
1714 2622 1962 2682 domum
2000 2620 2448 2683 conventualem
2490 2634 2717 2682 tantum
2761 2618 2899 2681 ord·

855 2706 1241 2770 Cartufienfis
1272 2707 1351 2769 de
1379 2708 1648 2771 Witham
1680 2706 1894 2771 scilicet
1937 2709 2186 2771 modicis
2215 2705 2544 2792 sumptibus
2587 2708 2647 2769 ἃ
2676 2707 2897 2769 exilem

855 2797 932 2858 ad
963 2797 1080 2859 hoc
1109 2793 1300 2857 feciffe
1335 2784 1589 2857 dicatur.

943 2884 1116 2946 Obiit
1159 2884 1318 2965 apud
1363 2884 1704 2945 Martellum
1762 2885 2053 2946 Henricus
2098 2904 2158 2966 3.
2201 2904 2324 2959 rex,
2389 2883 2543 2945 filius
2581 2885 2770 2945 Henrt
2817 2878 2898 2947 2¹.

855 2973 1035 3055 regis,
1081 2975 1272 3032 aetatis
1300 2968 1413 3033 suae
1435 2985 1462 3016 a
1483 2973 1739 3033 triateria
1767 2993 1830 3054 9.
1862 2992 1989 3055 reg:
2027 2992 2168 3035 vero
2205 2992 2306 3049 14.
2341 2971 2585 3033 Domini
2616 2975 2805 3033 1-182.

869 3086 872 3091 ·
944 3056 1290 3132 Galfredus,
1335 3078 1532 3119 comes
1562 3062 1896 3132 Britanniae,
1942 3059 2101 3121 filius
2143 3061 2384 3121 Hearici
2417 3076 2478 3121 2.
2522 3060 2677 3141 regis
2702 3055 2899 3141 Angit

857 3144 1174 3229 transfugit
1201 3147 1276 3207 ad
1299 3161 1495 3227 partes
1523 3146 1787 3229 Philippi
1814 3147 1991 3229 regiS,
2022 3143 2199 3231 aquo
2225 3142 2603 3209 seneschallus
2632 3148 2900 3209 Francia

856 3250 1085 3295 creatus
1114 3232 1220 3295 est.

945 3324 1158 3383 Comes
1191 3317 1533 3382 Gaufredus
1577 3320 1790 3389 eodem
1825 3342 1951 3405 quo
1982 3324 2043 3384 &
2070 3318 2253 3383 frater
2282 3332 2417 3384 ante
2443 3320 2659 3383 morbo
2684 3316 2897 3382 acutis-

853 3407 1022 3483 fim0‚
1086 3410 1145 3469 &
1207 3406 1405 3469 febrili
1462 3410 1676 3483 calore,
1753 3410 2017 3472 laetaliter
2069 3424 2380 3489 correptus
2434 3406 2585 3470 infra
2650 3405 2893 3490 pauciff:

851 3498 997 3570 dies,
1045 3517 1184 3557 cnm
1213 3496 1471 3557 Franciae
1512 3498 1696 3557 totius
1739 3494 2009 3580 regisque
2040 3498 2333 3578 praecipue
2367 3495 2897 3577 dolore'permaxi-

850 3604 973 3656 me,
1008 3583 1236 3645 Parisiis
1267 3585 1420 3647 circa
1441 3582 1572 3644 ealz
1605 3585 1769 3665 Aug:
1797 3584 1977 3645 rebus
2002 3584 2275 3645 humanis
2302 3598 2614 3664 exemptus
2637 3582 2743 3644 est:
2776 3584 2895 3653 Sec.

773 3732 778 3741 ,
849 3688 922 3730 ut
954 3669 1178 3733 Parifiis
1208 3671 1266 3730 in
1296 3670 1561 3731 cathedr:
1597 3672 1745 3732 eccla
1780 3674 1840 3734 S.
1874 3673 2078 3732 Mariae
2106 3667 2367 3751 sepultus
2397 3669 2487 3745 fit,
2534 3685 2725 3752 utque
2754 3669 2897 3731 Phi-

849 3758 1051 3837 lippus
1103 3777 1228 3829 rex,
1276 3758 1401 3835 ejus
1441 3754 1624 3819 funus
1676 3778 1911 3829 curans,
1958 3757 2211 3820 voluerit
2249 3753 2303 3819 se
2342 3776 2462 3819 una
2497 3776 2636 3819 curn
2681 3756 2789 3825 illo
2830 3758 2899 3820 in

848 3846 1051 3905 locum
1092 3843 1406 3927 sepulturae
1440 3845 1825 3939 praecipitare,
1874 3843 1981 3907 nifi
2026 3866 2063 3909 a
2098 3840 2215 3909 suis
2254 3845 2543 3913 violenter
2581 3842 2898 3917 distracftus

846 3932 1221 4082 ¹niis-iiiiiricus
1255 4038 1314 4084 2.
1368 4041 1474 4082 rex
1505 4018 1689 4101 Angl.
1724 4017 2063 4081 admonitus
2093 4019 2257 4102 apud
2296 4021 2535 4101 Cairtap
2575 4021 2633 4082 in
2665 4019 2897 4082 Wallia

840 4128 872 4167 a
853 4103 1074 4191 quod
1057 4128 1152 4257 sun
1175 4127 1380 4191 peregi·
1385 4110 1510 4185 in0,
1527 4122 1596 4170 ut
1619 4109 1777 4173 diem
1792 4108 2151 4171 dominicam
2170 4121 2454 4195 tanquam
2468 4105 2897 4181 sacros-‘inciam

840 4196 1056 4279 religio
1078 4216 1108 4257 e
1138 4198 1476 4263 ceiebraiffet

1554 4324 1582 4357 a
1617 4304 1676 4355 Id
1692 4302 1772 4371 est,
1806 4322 1918 4357 anno
1938 4306 2075 4357 etatis
2096 4323 2177 4365 2⁷·

2618 4376 2903 4459 Rogems
