3414 4866
565 197 692 276 ..³2

522 309 553 338 ⁴*
593 305 807 357 silvester

523 371 606 423 hic
636 369 811 436 aliquid

520 435 822 501 inscriptioni

522 503 582 552 de
603 502 686 550 suo
709 501 834 565 capi-e

522 579 572 616 te
593 566 786 616 addidit.

1201 167 1811 252 JoANn-Is
1918 164 2555 228 LELANDI

839 305 933 370 -ad
959 301 1222 388 lapidem
1257 297 1470 376 versaS,
1516 298 1899 362 continebat:
1951 305 1994 336 ‘⁴
2026 301 2138 362 Hic
2160 300 2320 380 jacet
2366 298 2629 384 sepultus
2658 298 2911 366 inclitus

859 402 902 430 “
933 415 1042 456 rex
1061 409 1088 438 a
1107 390 1407 470 Araurius,
1453 409 1592 450 cum
1616 391 2009 461 Wennevera,
2058 408 2249 452 uxore
2278 385 2377 450 sua
2405 387 2679 463 secunda,
2720 390 2782 452 in
2810 391 2910 452 in.

859 508 900 538 “
931 499 1054 568 sula
1083 500 1458 572 Avallonia.”
1545 507 1888 584 Occurrunt
1934 502 2037 565 hic
2065 517 2263 564 autem
2300 502 2587 570 notabilia
2619 501 2905 584 plurima,

856 590 1160 652 Habuerat
1189 592 1346 655 enim
1367 611 1582 654 uxores
1605 591 1775 663 duaa,
1807 609 2063 672 quarum
2093 592 2304 652 ultima
2322 589 2346 636 b
2368 589 2586 652 fimul'‘
2618 609 2754 652 cum
2772 587 2909 672 ipso

858 674 1082 759 sepulta
1124 673 1360 756 fuerat5
1409 681 1469 740 8t
1515 677 1630 743 offa
1667 677 1849 759 ipfius
1878 697 2018 740 cum
2048 677 2265 740 offibus
2295 680 2404 740 viri
2440 676 2607 740 fimul
2637 679 2923 752 inventa,-

858 764 940 830 fic
968 763 1242 846 distineta
1267 779 1486 841 tamen,
1519 781 1588 827 ut
1607 765 1739 829 duae
1762 781 1959 848 partes
1982 763 2277 848 sepulchri
2296 763 2491 828 versus
2520 781 2699 847 caput
2728 768 2789 828 S.
2808 762 2906 828 os·
2978 847 2983 852 1

858 851 1017 915 sibus
1068 853 1180 913 viri
1229 855 1599 916 continendis
1650 855 1945 936 deputatae
1980 853 2235 928 fuiffent,
2304 856 2477 916 tertia'
2516 873 2659 916 vero
2696 849 2905 922 versus

857 941 1038 1026 pedes
1069 939 1187 1002 offa
1235 941 1547 1004 muliebria
1585 940 1843 1005 seorsum
1884 941 2225 1016 contineret,
2274 941 2381 1003 ubi
2420 944 2481 1003 &
2529 942 2674 1018 trica
2716 959 2908 1020 comae

823 1079 830 1086 .
857 1027 1160 1093 muliebris
1187 1027 1338 1095 flava
1365 1049 1505 1092 cum
1534 1030 1875 1112 integritate
1904 1028 2139 1112 pristina
2171 1019 2243 1091 &⁸
2258 1028 2453 1092 colore
2480 1043 2707 1112 reperta
2736 1027 2853 1090 fuit
2879 1051 2900 1103 ς

521 1185 642 1260 Pag.
670 1207 747 1286 135.

857 1137 1044 1200 quam
1074 1130 1146 1178 ut
1173 1117 1498 1180 monachus
1528 1119 1780 1200 quida'm.
1804 1119 1973 1179 avide
2018 1137 2199 1182 manu
2237 1117 2501 1198 arripuit,
2550 1117 2609 1177 8r
2637 1113 2905 1178 subleva·

857 1207 971 1278 vit,
1018 1217 1146 1266 tota
1184 1203 1381 1268 statim
1408 1206 1470 1268 in
1501 1205 1797 1287 pulverem
1828 1205 2067 1268 decidit.
2160 1207 2321 1269 Cum
2359 1220 2555 1266 autem
2586 1204 2785 1287 aliqua
2812 1205 2907 1270 in·.

859 1291 1012 1370 ‚dicia
1070 1295 1334 1376 corporis
1384 1292 1470 1356 ibi
1519 1293 1853 1356 inveniendi
1872 1313 1977 1356 *ex
2034 1289 2139 1354 scri
2147 1294 2333 1373 pruris
2388 1289 2525 1365 suis,
2582 1290 2779 1374 aliqua
2826 1310 2907 1365 ex

861 1394 885 1426 ⁶
925 1381 1134 1442 litteris
1165 1381 1569 1462 pyramidibus
1600 1379 1903 1464 impreffiS,
1950 1399 2299 1462 quanquam
2326 1381 2507 1444 nimia
2525 1377 2555 1424 d
2574 1378 2907 1460 plurimum

859 1469 1214 1549 antiquitate
1253 1468 1481 1543 deletis,
1527 1470 1725 1552 aliqua
1772 1489 2015 1552 quoque
2062 1489 2165 1551 per
2192 1467 2443 1536 visiones
2478 1469 2537 1528 8c
2566 1467 2901 1542 relationes,

860 1555 1038 1622 bonis
1067 1557 1207 1619 viris
1238 1558 1296 1618 Sc
1325 1555 1608 1640 religiosis
1637 1555 1847 1630 factas,
1886 1557 2142 1618 maxime
2174 1571 2367 1616 tamen
2398 1557 2457 1616 8c
2486 1553 2909 1636 evidentissime

858 1663 971 1710 rex
998 1643 1178 1726 Angl:
1212 1645 1505 1706 Henricus
1537 1653 1624 1710 2⁸·
1664 1645 1813 1706 ficut
1842 1646 1917 1706 ab
1948 1643 2223 1720 historico
2250 1657 2487 1716 cantore
2524 1643 2768 1704 Britone
2796 1661 2907 1704 au-

858 1730 1048 1792 dierat
1093 1732 1362 1812 antiqu0,
1409 1745 1604 1794 totum
1649 1733 1954 1808 monachis
2003 1731 2326 1810 indicavit3
2390 1729 2557 1812 quod
2602 1728 2909 1812 profunde

859 1815 1078 1882 scilicet
1121 1821 1185 1880 in
1215 1833 1388 1894 terra,
1435 1840 1540 1902 per
1569 1818 1861 1885 sexdecim
1894 1820 2070 1902 pedes
2109 1819 2183 1884 ad
2213 1820 2430 1898 minuS,
2476 1836 2691 1902 corpus
2740 1819 2907 1900 inve-

857 1907 1076 1980 nirent,
1107 1907 1167 1980 ὅτ
1197 1927 1316 1970 non
1345 1906 1582 1988 lapideo
1602 1907 1858 1982 tumu10,
1892 1905 1989 1969 sed
2020 1908 2080 1968 in
2100 1927 2325 1990 quercu
2359 1922 2579 1968 cavata.
2638 1902 2909 1990 Ideoque

863 2009 986 2074 tarn
1019 1991 1318 2076 profunde
1343 1993 1518 2058 situm
1547 2014 1781 2078 corpus,
1815 1997 1874 2058 &
1897 1995 2060 2078 quali
2090 1995 2501 2072 ,absconditum
2530 1991 2744 2070 fuerat,
2776 1990 2909 2074 nea

863 2081 1221 2157 saxonibus,
1286 2081 1416 2164 post
1465 2083 1668 2144 'neceni
1712 2083 1895 2166 ipsius
1947 2079 2195 2146 insulam
2244 2082 2696 2164 occupantibus,
2748 2099 2909 2164 quos

863 2183 1172 2251 tantopere
1199 2171 1400 2232 vivens
1438 2169 1859 2247 debellaverat,
1906 2173 1965 2232 8c
1997 2169 2119 2234 fere
2146 2191 2223 2246 eit
2253 2185 2383 2241 toto
2411 2169 2723 2244 deleverat,
2772 2165 2905 2249 pose

858 2255 947 2323 set
966 2271 988 2304 ι’
1009 2256 1344 2322 nullatenus
1373 2259 1644 2322 inveniri.
1735 2258 1870 2322 Etf
1879 2259 1955 2320 ab
1984 2259 2101 2320 hoe
2130 2260 2336 2333 literae,
2368 2259 2630 2322 veritatis
2658 2255 2904 2338 indices,

863 2347 1030 2420 cruci
1057 2345 1340 2430 impreffae
1368 2347 1616 2408 interius
1645 2345 1721 2408 ad
1759 2346 2015 2430 lapidem
2043 2343 2219 2409 versae
2244 2346 2526 2420 fuerunt3
2574 2359 2644 2405 ut
2672 2345 2733 2404 Sc
2762 2358 2907 2406 tunc

867 2435 1178 2517 temporis,
1209 2433 1376 2516 quod
1404 2436 1791 2517 continerent,
1822 2435 2204 2517 occultarent,
2236 2438 2295 2510 Sc
2316 2433 2681 2519 quandoque
2708 2447 2907 2508 tamen

863 2542 984 2608 pro
1006 2520 1150 2585 locis
1179 2524 1238 2583 &
1270 2522 1634 2605 temporibus
1664 2525 1726 2585 id
1758 2524 2148 2605 propalarent.
2549 2590 2565 2611 ‚

952 2612 1110 2694 Qae
1138 2628 1296 2671 nunc
1331 2625 1532 2673 autem
1561 2608 1873 2677 Glasconia
1898 2612 2136 2684 dicitur,
2170 2609 2494 2693 antiquitus
2521 2604 2702 2671 insula
2726 2606 2907 2675 Avalt·

839 2696 1028 2778 'ionia
1055 2697 1382 2759 dicebatur.
1473 2696 1580 2759 Est
1607 2699 1763 2761 enim
1794 2698 1959 2781 quali
1991 2696 2173 2761 insula
2205 2712 2327 2759 tota
2352 2696 2664 2780 paludibus
2692 2694 2904 2780 oblita,

861 2784 1032 2849 ‘unde
1061 2784 1222 2847 dieta
1249 2782 1331 2847 est
1355 2785 1690 2863 Britannice
1719 2787 2117 2861 Inis-Avalon,
2148 2788 2209 2854 id
2238 2785 2341 2859 est,
2388 2782 2573 2847 insu'la
2601 2778 2905 2865 pomifera,

861 2874 1065 2939 Pomis
1093 2874 1272 2947 enim,
1319 2892 1453 2955 quae
1483 2873 1631 2935 Aval
1659 2875 1864 2957 lingua
1893 2876 2229 2944 Britannica
2254 2874 2558 2951 dicuntur,
2606 2870 2773 2933 locus
2803 2870 2906 2933 ille
2965 2870 2973 2879 ’

861 2960 1174 3043 quondam
1203 2960 1568 3023 abundabat.
1630 2964 1805 3024 Unde
1833 2963 1889 3023 8<
1921 2965 2251 3044 Morganis,
2284 2960 2495 3023 nobilis
2526 2972 2811 3031 matrona,
2845 2959 2907 3039 ὃς

847 3062 850 3065 ·
913 3048 1124 3111 artium
1146 3048 1386 3111 illarum
1405 3047 1784 3112 dominatrix'
1802 3034 1878 3120 &¹
1893 3063 2157 3131 patrona,
2190 3063 2418 3110 necnon
2446 3048 2509 3107 &
2526 3050 2754 3109 Arturo
2780 3046 2909 3130 regi
2934 3064 2937 3071 ·

862 3137 1148 3215 anguine
1175 3137 1534 3217 propinqua,
1570 3136 1697 3218 post
1727 3138 1948 3199 bellum
1979 3138 2053 3199 de
2082 3137 2363 3199 Kemelen
2392 3137 2687 3195 Arturum
2715 3132 2790 3193 ad
2820 3129 2906 3198 sae

859 3222 1134 3296 nandum
1159 3223 1284 3302 ejus
1304 3223 1558 3297 vulnera,
1574 3226 1634 3289 in
1663 3222 1931 3300 insulam,
1978 3245 2111 3307 quae
2142 3244 2297 3291 nunc
2328 3219 2643 3283 Glasconia
2666 3220 2907 3305 dicitur,

867 3311 1222 3395 deportavit,
1297 3310 1478 3371 Dina
1507 3332 1751 3395 quoque
1771 3314 2076 3395 quondam
2098 3314 2322 3380 Britan:
2356 3312 2475 3386 inis
2497 3310 2675 3371 vitrin
2692 3307 2905 3393 fuerat,

867 3397 989 3473 hoc
1017 3396 1120 3469 est,
1169 3394 1350 3459 insula
1379 3400 1582 3463 vitrea.
1675 3403 1774 3462 Ex
1803 3421 1927 3482 quo
1952 3400 2244 3462 vocabulo
2274 3396 2739 3483 supervenientes
2772 3394 2910 3459 inde

867 3489 1135 3555 Saxones
1165 3485 1364 3547 locum
1385 3486 1555 3566 illum
1569 3487 1999 3570 Glastingebyri
2023 3488 2377 3550 vocitabant.
2452 3485 2599 3547 Glas
2622 3485 2778 3545 enim
2797 3484 2909 3555 lin-2

865 3591 990 3653 gua
1003 3592 1212 3633 eorum
1225 3576 1444 3634 vitrum
1467 3574 1777 3657 fignificat,
1798 3579 1857 3636 8<
1873 3580 2032 3656 Bury
2049 3574 2297 3638 castrum
2324 3573 2411 3635 vel
2425 3574 2630 3635 civitas
2652 3570 2909 3654 appella-

864 3672 990 3735 tur.
1065 3659 1382 3720 Sciendum
1413 3662 1610 3733 etiam,
1643 3664 1811 3743 quod
1838 3663 1959 3725 ossa
1986 3678 2215 3744 reperta
2243 3664 2507 3744 corporis
2529 3660 2763 3723 Arturii
2789 3674 2908 3722 tam

862 3746 1114 3829 grandia
1127 3744 1389 3821 fuerunt,
1405 3751 1542 3809 ut&
1563 3749 1709 3810 illud
1737 3752 1929 3830 poe'tae
1940 3751 2305 3833 completum
2325 3754 2383 3811 in
2399 3749 2491 3819 his
2504 3748 2686 3810 videri
2710 3746 2904 3830 poffitg

1037 3840 1080 3893 Ξ(
1109 3834 1496 3919 Grandiaque
1522 3835 1736 3899 effoffis
1767 3839 2227 3923 mirabiturpffa
2259 3836 2647 3921 sepulchris-'ff

929 4026 957 4054 ²*
997 4024 1106 4087 Inde
1145 4027 1365 4077 Lelandus
1398 4027 1442 4075 in
1466 4024 1713 4092 Affirtione
1743 4030 1923 4079 Arturii
1962 4046 2112 4093 voces,
2147 4046 2256 4079 cum
2296 4018 2616 4088 Wenne‘vera‚
2646 4040 2797 4075 uxore
2831 4026 2910 4079 sua

859 4089 1075 4157 (munda,
1107 4094 1282 4155 penitus
1307 4092 1459 4156 amisit.
1547 4111 1575 4139 a
1613 4095 1700 4152 Sic,
1738 4110 1835 4142 cum
1859 4096 2016 4145 duobus
2073 4094 2210 4145 unffis
2224 4094 2309 4160 sub
2334 4096 2365 4145 i.
2450 4094 2475 4143 b
2509 4094 2615 4141 Haee
2634 4108 2725 4141 vox
2750 4090 2809 4139 bis
2838 4106 2910 4145 σι’-,-

857 4156 1014 4215 partit.
1083 4172 1105 4202 c
1141 4158 1275 4219 Deest
1293 4157 1463 4206 litteris
1483 4160 1528 4205 in
1552 4158 1648 4223 Aff
1668 4160 1779 4209 Art.
1849 4163 1879 4208 d
1912 4167 1975 4209 Ut
1998 4110 2261 4229 pfilrimum
2284 4161 2329 4211 in
2353 4158 2451 4227 Affi
2472 4161 2582 4223 Art.
2651 4175 2675 4225 ς
2710 4160 2765 4207 L.
2791 4154 2909 4215 ulla?

853 4229 1000 4281 {enus
1026 4238 1078 4273 ex
1091 4221 1188 4287 Affi
1207 4225 1316 4273 Art.
1385 4224 1430 4289 f
1457 4222 1648 4289 Qbhoc
1667 4224 1713 4278 in
1736 4226 1833 4295 Affi
1856 4230 1963 4278 Art.
2091 4231 2098 4236 ’
2396 4239 2409 4251 ⁴
2508 4224 2513 4231 ¹
